4880 6538
877 1223 882 1234 ι
1150 1149 1289 1210 smnus
1313 1149 1516 1210 GUS'I'AUUS
1541 1149 1710 1208 wmscu

739 1237 778 1296 de
792 1237 858 1296 uIte
881 1255 934 1296 sua
951 1238 1024 1294 haec
1038 1235 1075 1292 ad
1090 1253 1145 1292 nos
1160 1235 1294 1311 scripsitr
1321 1224 1430 1294 ‘Natus
1451 1253 1517 1292 sum
1532 1235 1634 1294 Cottae
1655 1235 1687 1294 in
1703 1233 1840 1294 confiniis
1855 1235 2015 1294 Bohemiae
2037 1241 2122 1313 patre

739 1322 871 1382 Henrico
888 1324 997 1382 Ottone
1021 1320 1202 1379 sacerdotali
1220 1339 1341 1379 munere
1364 1323 1443 1397 apud
1459 1321 1600 1379 Cottanos
1622 1321 1737 1386 functo,
1758 1327 1850 1378 matre
1866 1321 1962 1380 Wella
1982 1341 2019 1380 ex
2033 1327 2122 1396 gente

739 1407 976 1466 IIaentaschelia.
1009 1409 1129 1465 Annum
1145 1425 1236 1479 agens
1250 1405 1354 1464 XIIII.
1377 1407 1492 1466 scholae
1509 1406 1686 1482 prouinciali
1702 1406 1858 1478 Misnensi‚
1878 1407 1927 1466 cui
1947 1427 2056 1466 nomen
2076 1411 2122 1468 est

740 1493 783 1552 St.
794 1493 893 1562 Alcas,
909 1491 1037 1552 traditus
1052 1509 1106 1566 per
1122 1491 1153 1548 V.
1171 1509 1265 1550 annos
1280 1497 1310 1549 et
1325 1491 1484 1549 dimidium
1500 1491 1610 1550 studiis
1626 1492 1790 1550 litterarum
1807 1511 1853 1549 me
1865 1493 1945 1550 dedi.
1971 1493 2037 1556 Quo
2049 1497 2122 1552 tem

737 1579 820 1656 poris
835 1578 930 1656 spatio
945 1579 1064 1654 peracto
1080 1576 1112 1633 in
1129 1575 1315 1634 Academiam
1331 1577 1517 1652 Lipsianeem
1533 1577 1674 1650 migraui,
1695 1577 1747 1635 ubi
1768 1577 1863 1653 primo
1878 1577 1911 1638 in
1926 1579 2026 1636 studia
2040 1581 2124 1638 thec-

737 1662 842 1738 logioa,
860 1683 928 1720 mox
940 1663 972 1720 in
981 1661 1163 1738 philologius
1175 1681 1291 1737 operam
1304 1657 1415 1720 contuli
1428 1663 1670 1738 praeceptoribus
1682 1681 1753 1720 usus
1767 1665 1800 1720 G.
1817 1663 1928 1730 Curtio,
1943 1665 1977 1720 B.
1991 1665 2121 1736 Klotzio,

739 1754 774 1808 Δ.
791 1749 1017 1808 Westeroranno
1033 1747 1065 1804 in
1081 1747 1213 1805 classicis
1229 1767 1304 1824 quae
1320 1755 1464 1806 uocantur
1478 1747 1603 1816 studiis,
1628 1747 1827 1806 Brochhsusio
1853 1753 1883 1806 et
1897 1749 2066 1808 Fleischaro
2089 1749 2123 1808 in
2193 1747 2195 1752 ’

739 1834 949 1902 orientalibus,
973 1831 1205 1902 Wachsmuthio,
1222 1835 1388 1902 Roschero,
1409 1834 1536 1892 maxime
1552 1833 1685 1892 Wutthic
1707 1833 1737 1892 in
1762 1833 1928 1904 historicis,
1945 1835 2073 1894 Weissio
2089 1835 2123 1892 in

737 1919 935 1997 philosophis,
952 1917 1143 1988 Zarnolrioin
1156 1919 1340 1988 Germanicis
1374 1919 1572 1978 Societatibus
1588 1919 1755 1996 adscriptus
1767 1939 1846 1978 eram
1857 1920 1980 1978 Latinae
1997 1920 2120 1992 Kloteii,

741 2005 964 2082 philosophicae
976 2003 1107 2074 Weissii,
1125 2003 1317 2064 Germanicae
1332 2005 1477 2074 Zarnokii,
1493 2004 1645 2062 historicis
1658 2003 1787 2064 Wuttlrii
1803 2011 1832 2062 et
1847 1991 2021 2064 Brahdesii.³

1098 2139 1278 2199 catonus
1302 2141 1524 2199 GUILELIIUS
1549 2139 1775 2198 wulsrnlsc
2068 2197 2070 2204 ,

742 2233 830 2284 natus
845 2225 873 2282 d.
890 2223 994 2282 XIIII.
1011 2243 1103 2284 mons.
1121 2227 1185 2282 Iun.
1202 2245 1226 2282 a.
1243 2225 1343 2284 XXX.
1360 2226 1391 2283 in
1413 2227 1478 2284 uico
1499 2227 1672 2284 Grossturra
1691 2244 1782 2301 prope
1804 2225 2039 2284 Sondershussm
2055 2225 2122 2298 sito,

740 2319 823 2388 patre
842 2314 992 2384 Augusto,
1010 2311 1151 2368 saltuario
1173 2331 1332 2384 generosae
1353 2313 1451 2384 gentis
1475 2314 1510 2368 de
1534 2311 1674 2383 wutron,
1699 2320 1791 2368 matre
1812 2311 2014 2368 Christianae
2035 2318 2123 2384 gente

737 2395 1012 2467 Schneidewindia‚
1043 2413 1134 2471 quum
1158 2396 1360 2454 infirmissima
1383 2397 1556 2455 ualetudine
1580 2401 1673 2464 esset,
1703 2397 1832 2472 primum
1858 2414 1875 2452 a
1897 2395 1994 2472 patre',
2028 2397 2123 2455 almae

736 2481 844 2540 Portae
871 2481 944 2539 olim
974 2479 1108 2550 alumno,
1140 2483 1191 2560 qui
1221 2482 1280 2539 iam
1310 2501 1344 2540 eo
1375 2487 1506 2558 tempore
1537 2483 1689 2540 oculorum
1720 2481 1834 2539 lumina
1863 2481 2017 2552 amiserat,
2054 2501 2124 2540 eru·

739 2567 835 2638 ditus,
853 2571 916 2625 tum
939 2573 1038 2624 autem
1059 2568 1213 2646 gymnasio
1234 2568 1480 2626 Sonderrhusano
1501 2568 1627 2626 traditus
1650 2573 1704 2625 est.
1749 2567 1834 2626 Unde
1854 2569 1929 2625 bene
1948 2573 2069 2642 paratus
2089 2567 2123 2626 in

738 2653 964 2712 uniuersitatem
993 2651 1050 2710 litt.
1068 2654 1251 2730 Lipsiensem
1274 2653 1408 2722 transiit,
1437 2661 1470 2711 ut
1489 2654 1565 2710 iuris
1588 2653 1765 2729 prudentiae
1789 2661 1820 2710 et
1844 2653 2053 2729 philosophiae
2078 2653 2124 2711 di·

739 2738 874 2813 sciplinis
889 2743 979 2813 atque
1001 2739 1115 2796 artibus
1137 2739 1275 2813 ingenuis
1296 2741 1430 2797 studium
1453 2759 1537 2797 suum
1561 2740 1690 2802 dicaret,
1707 2739 1816 2814 quibus
1836 2738 1868 2794 in
1884 2739 2054 2814 disciplinis
2077 2759 2123 2797 co-

737 2823 836 2881 lendis
851 2829 1056 2898 praeceptores
1072 2823 1138 2880 eius
1158 2825 1279 2881 luerunt
1294 2825 1455 2896 Schill'rug,
1474 2825 1601 2892 Haenel,
1628 2824 1783 2893 Albrecht,
1805 2823 1930 2896 Miiller,
1957 2824 2121 2896 Wacchter,

739 2909 881 2978 Roseher,
899 2908 1032 2979 Wutthe,
1052 2907 1178 2978 Weissc,
1196 2909 1402 2980 Hastenstein,
1427 2910 1594 2978 Ouerbeclr‚
1611 2911 1782 2980 Naumana,
1800 2909 1917 2978 Funis,
1942 2909 2120 2982 Brochhaus,

736 2993 769 3050 E.
785 2994 820 3053 H.
840 2993 956 3062 Weber,
974 2992 1305 3064 stallbaum,1?echner‚
1323 2995 1462 3064 Zarncke,
1479 2994 1679 3054 Wachsmuth.
1713 2995 1771 3052 Sed
1787 2993 1888 3070 inopia
1903 2994 1947 3051 rei
1964 2994 2122 3054 familiaris

736 3079 795 3136 iam
811 3097 847 3135 eo
863 3083 1006 3153 tempore,
1022 3079 1073 3136 ubi
1090 3078 1257 3136 litterarum
1274 3081 1406 3138 studium
1424 3081 1570 3156 suscepit,
1587 3099 1625 3138 ex
1640 3081 1714 3156 ipsis
1724 3079 1838 3138 litteris
1861 3079 1931 3150 sibi,
1954 3099 2029 3157 quae
2047 3100 2122 3158 opus

736 3167 837 3222 essent
852 3165 890 3221 ad
906 3164 987 3222 uitae
1003 3164 1123 3230 cultum,
1140 3183 1242 3240 parare
1259 3171 1376 3223 coactns
1392 3172 1438 3224 est
1452 3168 1554 3244 itaque
1570 3185 1601 3224 se
1617 3169 1655 3224 ad
1670 3165 1821 3225 scribendi
1834 3167 1967 3224 studium
1982 3168 2120 3240 contulit,

735 3269 789 3326 per
813 3249 1018 3326 ephemeridas
1043 3249 1178 3326 publicas
1208 3253 1245 3308 de
1270 3253 1360 3310 rebus
1386 3271 1461 3328 quae
1487 3261 1538 3310 aut
1566 3252 1642 3310 scitu
1670 3253 1777 3324 dignae
1805 3257 1906 3310 essent
1932 3256 1984 3310 aut
2005 3252 2122 3311 animos
2176 3295 2182 3326 ,

735 3329 888 3394 hominum
910 3335 1095 3394 curiosorum
1116 3336 1313 3396 delectatione
1335 3347 1473 3415 caperent
1492 3339 1640 3410 reterens,
1666 3356 1759 3412 eaque
1782 3355 1872 3413 opera
1892 3357 1984 3413 quum
2005 3343 2121 3396 tantum

736 3429 876 3494 mereret,
905 3429 938 3480 ut
958 3423 1047 3480 etiam
1068 3422 1125 3480 iter
1146 3442 1198 3496 per
1217 3423 1354 3495 regiones
1375 3425 1549 3496 Rhenanas‚
1566 3423 1753 3493 Heluetioas,
1783 3422 1898 3480 Italicas
1914 3423 2064 3499 suscipere
2090 3427 2121 3482 ot

735 3508 891 3566 maximam
918 3513 1030 3584 partem
1046 3507 1186 3565 Austriae
1215 3507 1338 3566 uisitare
1361 3517 1474 3583 posset,
1497 3509 1554 3564 ism
1570 3508 1602 3564 in
1625 3507 1672 3564 his
1699 3507 1774 3582 ipsis
1794 3507 1920 3578 litteris,
1945 3509 2120 3585 praesertim

736 3612 826 3670 quum
843 3599 923 3652 esset
938 3593 1111 3652 ualetudine
1127 3593 1211 3650 tenui
1227 3594 1402 3664 admodum,
1424 3593 1510 3670 quasi
1530 3592 1664 3650 habitare
1686 3593 1792 3668 coepit,
1818 3599 1908 3668 atque
1924 3594 2016 3652 etiam
2031 3595 2117 3654 abso·

735 3678 808 3738 lutis
824 3679 934 3738 studiis
950 3677 1137 3746 academicis,
1154 3678 1185 3736 in
1201 3678 1309 3756 quibus
1332 3677 1569 3756 quinquennium
1593 3679 1655 3737 fere
1676 3685 1832 3755 posuerat,
1856 3679 1888 3737 in
1911 3681 2015 3738 oedem
2037 3681 2119 3740 uitae

735 3766 910 3826 condicione
931 3765 1109 3840 permansit:
1135 3765 1228 3822 uertit
1247 3765 1412 3842 complures
1438 3766 1534 3824 libros
1556 3765 1732 3840 scriptorum
1749 3765 2005 3840 Francogallorum
2030 3769 2120 3842 etque

734 3851 899 3925 Anglorum
915 3849 1032 3908 nobiles
1047 3850 1079 3908 iu
1095 3857 1229 3908 nostrum
1245 3869 1423 3922 sermonem,
1450 3853 1488 3910 de
1504 3851 1572 3910 aliis
1595 3851 1682 3910 libris
1702 3851 1735 3909 in
1751 3853 1825 3910 setis
1847 3851 1977 3928 publicis
1985 3851 2118 3924 rettulit,

735 3937 772 3993 de
794 3938 884 3993 rebus
907 3955 980 4012 quae
1001 3945 1158 4010 agerentur
1177 3943 1267 4011 atquo
1287 3945 1461 4010 gererentur
1480 3937 1597 4013 publice
1618 3936 1651 3994 in
1672 3938 1914 4012 ephemeridibus
1936 3936 2121 4011 Augustanis

737 4013 975 4096 (allgemeine
999 4021 1170 4093 Zeitung)
1188 4022 1364 4078 sententiam
1381 4021 1467 4078 dixit.
1498 4023 1562 4078 Hoc
1578 4021 1703 4078 consilio
1720 4040 1745 4078 a.
1761 4021 1891 4080 LXIIII.
1910 4021 1990 4078 bello
2007 4021 2119 4080 Danioo

735 4111 838 4162 exorto
848 4105 975 4180 primum
986 4105 1310 4164 exereituslosderatas
1320 4105 1503 4177 Germaniae,
1513 4111 1615 4181 postea
1631 4105 1709 4180 regis
1718 4105 1875 4164 Borossiae
1892 4111 1981 4182 atque
1995 4107 2121 4183 impera·

734 4189 807 4248 toris
817 4189 956 4248 Austriae
970 4194 1089 4247 secutus
1104 4193 1157 4259 est,
1171 4189 1261 4248 etiam
1277 4193 1379 4249 urbem
1389 4191 1655 4250 DaniaeHaunism
1668 4191 1765 4268 ipsam
1781 4192 1865 4262 adiit,
1883 4197 1916 4252 ut
1931 4193 1967 4249 dc
1983 4191 2032 4266 iis,
2044 4211 2120 4270 quae

734 4275 933 4350 agerenturin
946 4275 1008 4332 illis
1019 4273 1198 4350 regionibus,
1210 4275 1513 4354 uersreferreposset.
1538 4279 1694 4336 Praeterea
1702 4297 1727 4334 a.
1736 4277 1864 4336 LXIIII.
1872 4277 1971 4336 socius
1979 4287 2120 4338 externus

735 4380 808 4420 caes.
826 4381 886 4436 reg.
903 4361 1055 4420 societatis
1069 4362 1284 4436 geographicae
1300 4363 1542 4421 Uindobonensis
1561 4369 1591 4420 et
1605 4382 1630 4420 a.
1647 4363 1736 4420 LXV.
1758 4364 1870 4422 sodalis
1886 4363 2056 4424 ordinarius
2073 4386 2120 4423 so·

736 4447 853 4506 sistatis
879 4448 1043 4508 litterarum
1068 4447 1222 4505 Parisinae
1245 4447 1300 4519 (de
1325 4447 1596 4506 l'association
1621 4448 1873 4526 scientiliqoe
1894 4449 1935 4508 de
1958 4443 2117 4532 Franco),

735 4533 783 4590 cui
799 4534 949 4610 praesidet
964 4539 1152 4592 astronomus
1168 4533 1264 4592 clarus
1279 4533 1332 4592 ille
1348 4545 1378 4592 et
1391 4533 1518 4593 illustris
1534 4535 1583 4593 Le
1597 4534 1755 4606 Verrier,
1772 4535 1868 4595 lactus
1885 4542 1939 4595 est.

1085 4652 1288 4712 GUSI'AUUS
1310 4654 1527 4714 MAURIOIUS
1545 4655 1775 4714 WUSI'IIANN

682 4745 685 4752 '
736 4738 773 4795 de
788 4735 851 4794 nita
866 4757 920 4796 sua
934 4739 1007 4796 haec
1021 4739 1060 4797 ad
1075 4757 1130 4797 nos
1152 4737 1284 4797 rettulit:
1313 4725 1397 4814 ‘Ege
1422 4741 1456 4800 G.
1474 4741 1513 4799 u.
1531 4741 1722 4812 Wustmann,
1746 4741 1920 4819 parentibus
1934 4742 2071 4812 Augusto
2086 4743 2117 4797 et

736 4826 869 4896 Augusta
884 4842 901 4881 e
916 4829 1004 4898 gente
1020 4823 1130 4900 Saupia
1145 4825 1174 4882 d.
1191 4822 1307 4882 XXIII.
1323 4825 1396 4884 Maii
1413 4846 1438 4884 a.
1453 4824 1582 4884 XLIIII.
1599 4827 1731 4884 Dresdas
1747 4833 1924 4886 natussum.
1946 4825 2034 4882 Pater
2044 4827 2117 4884 tunc

734 4909 945 4968 tormentatio·
961 4909 1060 4984 regius
1076 4915 1148 4982 erat,
1165 4929 1245 4968 nuno
1258 4916 1415 4988 postquam
1430 4912 1498 4989 plus
1512 4911 1613 4972 XXX.
1631 4931 1724 4971 annos
1744 4931 1805 4972 non
1829 4913 1895 4970 sine
1911 4913 2024 4968 honora
2039 4909 2115 4970 mili·
