4880 6538
359 1119 432 1166 esse
447 1097 677 1184 neglegendus,
700 1097 727 1162 si
748 1097 873 1180 quidem
893 1105 998 1164 ortem
1018 1119 1109 1166 suam
1129 1105 1216 1164 recte
1237 1119 1386 1166 exercere
1407 1100 1485 1166 uult.
1515 1102 1679 1186 Leguutur
1693 1107 1739 1182 ibi

358 1219 438 1284 haee
458 1217 573 1313 uerbu':
601 1221 633 1282 iu
652 1219 794 1282 iudicium
816 1241 875 1282 uon
894 1223 995 1283 uenire
1014 1231 1113 1282 ocum
1136 1221 1177 1283 A.
1203 1217 1326 1284 &eccm
1340 1222 1504 1306 possederit
1521 1247 1621 1300 necne,
1643 1240 1738 1292 mmm

358 1339 650 1424 doceripocccdrbre:
671 1339 873 1402 multoeciam
895 1340 992 1402 natvm
1015 1339 1132 1424 quaeri,
1154 1341 1195 1402 A.
1220 1335 1361 1406 Caecinae
1374 1341 1494 1426 flendus
1512 1345 1548 1406 se
1566 1367 1670 1422 nccrrc,
1690 1371 1737 1412 me

354 1471 454 1524 tomen
469 1459 615 1543 idipsum
630 1459 773 1529 acesi,
794 1457 924 1534 fundum
937 1478 997 1522 cccc
1017 1454 1180 1532 Caecinae..
1202 1477 1305 1538 neque
1325 1458 1490 1540 quisquam
1510 1460 1740 1543 usquecadbue

358 1577 537 1660 ruspicatus
548 1580 605 1640 est
618 1573 699 1638 baec
712 1574 871 1654 nonestis
887 1575 1051 1658 eleganter
1065 1594 1135 1640 esse
1150 1575 1279 1660 scripta,
1303 1575 1330 1642 si
1355 1577 1482 1659 quidem
1494 1577 1657 1646 Ciceronis
1674 1582 1737 1646 elo

357 1697 522 1780 quentiam
534 1699 725 1778 spectamus.
749 1695 836 1758 Leuc
847 1699 954 1759 temen
965 1692 1133 1776 uestigium
1148 1695 1299 1778 antiquae
1311 1703 1343 1760 et
1354 1717 1452 1762 uerae
1463 1698 1642 1781 scripturae
1652 1721 1739 1766 man·

358 1817 408 1882 sit.
430 1815 514 1879 Nam
523 1813 596 1878 libri
608 1817 738 1897 praeter
749 1813 975 1896 interpolatum
987 1811 1128 1878 codicem
1137 1811 1349 1880 Parisiensem
1364 1814 1394 1883 lr.
1409 1837 1519 1880 omnes
1534 1837 1598 1880 non
1609 1815 1739 1904 bocha-

356 1935 433 2002 bent
448 1933 616 2016 scriptum:
638 1934 829 1997 multoeciam
842 1934 941 1994 minuc
955 1935 1077 2016 quaeri,
1100 1929 1175 2008 sed,
1197 1933 1282 2014 quod
1296 1954 1355 2015 per
1370 1955 1404 1998 se
1419 1933 1507 1997 nullo
1523 1935 1617 2000 modo
1631 1944 1738 2019 potest

356 2053 442 2127 ferri,
452 2054 544 2116 muto
556 2055 647 2116 eriam
657 2053 756 2116 orione
767 2053 888 2136 quaere.
911 2048 947 2112 ln
960 2048 1054 2114 buius
1070 2049 1248 2132 scripturae
1263 2050 1417 2134 originem
1429 2052 1457 2116 si
1475 2041 1672 2135 inquirimue‘,
1687 2056 1737 2120 ie·

356 2171 415 2238 cite
431 2189 642 2256 agnoscemus
653 2167 727 2233 olim
742 2144 803 2233 boe
818 2167 971 2232 orationis
987 2167 1162 2233 membrum
1178 2167 1222 2248 ei,
1238 2167 1323 2252 quod
1337 2170 1509 2252 praecedit,
1524 2181 1735 2256 exaequatum

356 2293 464 2371 luisse,
487 2287 574 2374 quod
587 2289 638 2354 uis
653 2287 808 2354 orationis
824 2291 856 2354 et
876 2285 1075 2370 eloquentiae
1091 2285 1255 2354 Tullianae
1274 2289 1357 2354 ratio
1372 2310 1473 2374 paene
1488 2289 1636 2376 flagitare
1650 2293 1736 2370 rude·

356 2417 418 2476 tur.
452 2409 568 2491 Itaque
583 2411 651 2472 sine
673 2406 769 2472 dubio
785 2427 879 2490 quem
895 2405 937 2469 ad
959 2405 1087 2470 modum
1109 2407 1256 2490 superius
1270 2408 1447 2474 membrum
1462 2409 1588 2492 plenam
1604 2411 1735 2478 distinc-

355 2530 474 2594 tionem
491 2527 607 2594 -babet:
632 2530 664 2592 in
686 2527 827 2590 iudicium
847 2549 905 2590 noa
928 2528 1041 2602 uerrirc,
1064 2537 1164 2589 rerum
1182 2527 1224 2590 A.
1245 2523 1370 2592 Coccina
1384 2530 1546 2614 possederit
1563 2555 1665 2606 necne,
1688 2553 1735 2608 eo,

356 2647 443 2731 quod
458 2662 558 2714 rurum
571 2643 745 2729 praecedit,
767 2642 912 2726 sequitur·
921 2665 1022 2726 eccm,
1045 2643 1091 2708 sio
1109 2641 1166 2709 illa
1180 2663 1263 2726 quae
1278 2651 1329 2710 est
1343 2644 1377 2710 in
1391 2643 1481 2712 libris
1495 2668 1592 2713 mauu
1607 2649 1750 2732 scriptis¹

355 2765 540 2849 corruptela
561 2767 677 2852 quatit
697 2781 735 2827 eo
758 2761 853 2840 ducit,
877 2767 912 2826 ut
932 2761 1028 2826 etiam
1042 2761 1074 2825 in
1090 2761 1267 2844 posteriore
1286 2762 1428 2828 membro
1442 2763 1537 2848 plena
1555 2765 1612 2832 illu
1626 2759 1736 2832 dietin-

356 2885 420 2950 ctio
450 2881 651 2949 restituenda
675 2901 746 2947 esse
770 2879 920 2948 uideatur
945 2878 1225 2964 scribendumque:
1261 2873 1354 2946 molto
1380 2886 1467 2948 ceram
1494 2888 1593 2950 ιηὶιιιω
1623 2892 1734 2972 quaeri,

355 3017 454 3068 utrum
474 3005 515 3068 A.
541 3001 683 3068 Caecinae
697 3003 815 3086 sendus
836 3002 874 3066 cic
892 3022 989 3064 neone.
1020 3001 1066 3064 Ac
1084 2999 1180 3070 sicui
1200 3000 1304 3064 miuus
1325 3001 1476 3068 credibile
1495 3024 1567 3068 esse
1588 3003 1736 3070 uideatur

322 3201 325 3208 Ι
355 3141 466 3188 uocem
481 3135 586 3186 utrum
607 3120 654 3184 ita
670 3118 812 3204 potuisse
833 3115 981 3194 deminui,
1003 3123 1040 3180 ut
1056 3117 1129 3181 'sola
1143 3116 1253 3184 littera
1273 3133 1284 3182 t
1302 3127 1454 3198 maneret,
1471 3123 1499 3186 is
1514 3122 1652 3205 primum
1666 3144 1735 3188 oon·
1815 3175 1818 3181 ,

354 3239 474 3306 sideret
489 3239 617 3304 omniuo
631 3237 664 3302 iu
679 3237 747 3302 eius
762 3234 846 3302 modi
861 3233 1028 3318 particulis
1044 3241 1137 3302 notas
1152 3235 1251 3300 tuisse
1266 3234 1438 3300 admodum
1453 3238 1601 3318 usitatae,
1622 3251 1655 3305 et
1669 3243 1737 3308 sine

355 3357 452 3424 dubio
468 3358 543 3424 olim
559 3357 611 3423 bic
626 3354 836 3440 conpendium
850 3353 894 3434 ιῖι,
918 3374 981 3436 quo
1001 3353 1041 3418 de
1056 3351 1242 3437 compendio
1258 3353 1402 3420 conferat
1421 3353 1478 3421 Tb.
1495 3355 1736 3424 Mommsenium

353 3478 386 3542 in
403 3477 441 3541 H.
457 3476 553 3542 Keilii
566 3501 695 3560 pramm.
712 3475 782 3540 Lot.
804 3474 864 3540 rol.
884 3474 955 3540 IIII.
979 3473 1012 3537 in
1027 3473 1187 3538 Addcudc'c
1202 3479 1234 3538 et
1248 3475 1433 3558 compendia
1447 3481 1565 3558 polu,
1583 3476 1736 3560 scriptum

355 3597 464 3674 tuisse,
486 3593 571 3660 unde
586 3593 680 3660 facile
700 3621 722 3686 ιι
735 3591 844 3658 litteris
859 3592 985 3664 abiectis
1004 3607 1016 3657 t
1033 3591 1113 3657 illud
1129 3591 1206 3657 oriri
1216 3593 1332 3676 potuit,
1355 3589 1469 3657 deinde
1485 3593 1583 3680 etiam
1597 3593 1658 3661 boc
1673 3617 1738 3661 me·

354 3715 492 3794 minerit,
512 3713 545 3778 in
560 3712 620 3777 bac
639 3711 711 3795 ipsa
730 3712 875 3777 oratione
899 3711 973 3778 olim
994 3710 1203 3794 conpendium
1225 3711 1292 3774 eius
1311 3709 1398 3776 modi
1417 3712 1450 3776 in
1472 3711 1582 3778 codice
1603 3714 1736 3798 antiquo

353 3833 450 3898 iuiase
466 3852 524 3898 nos
539 3831 648 3896 doceri
663 3832 689 3915 §-
706 3835 767 3909 69„
789 3830 844 3895 ubi
858 3831 890 3896 in
906 3831 1028 3896 uerbis:
1051 3833 1080 3894 ei
1092 3832 1176 3894 older
1195 3831 1250 3909 (ece
1267 3831 1459 3913 elidicatum),
1482 3855 1541 3896 aon
1556 3833 1678 3899 dubim
1698 3847 1737 3898 esc

353 3967 452 4018 orrum
467 3951 578 4017 inlices
591 3975 631 4016 cn
640 3953 716 4016 iuvate
731 3952 853 4016 corrodet
866 3950 1056 4037 edomandi
1064 3952 1129 4024 ειίιι,
1145 3945 1246 4014 codex
1260 3953 1409 4032 optumus
1424 3947 1479 4014 ille
1491 3944 1737 4038 'tegernseensis

352 4093 416 4138 uon
436 4084 537 4136 utrum
554 4069 686 4137 totidem
701 4069 816 4135 litteris
840 4071 993 4153 scriptum
1008 4065 1115 4147 habet,
1132 4088 1244 4132 uerum
1265 4081 1305 4146 re,
1328 4075 1364 4134 ut
1383 4067 1476 4134 facile
1491 4075 1647 4152 appareat
1662 4090 1737 4136 con·

305 4228 316 4249 ι
353 4189 501 4275 pendium
525 4187 605 4254 illud
627 4209 647 4254 a
668 4187 724 4252 Tb.
739 4187 947 4254 Mommsenio
973 4191 1186 4253 monstratum
1211 4173 1253 4258 cTr'
1270 4188 1368 4255 colim
1393 4191 1427 4252 in
1442 4186 1531 4254 odiee
1558 4185 1737 4272 archetypo

266 4287 269 4294 ¹
352 4309 446 4374 buius
469 4307 623 4374 orationis
642 4307 795 4391 scriptum
816 4305 927 4374 tuisse.
961 4305 1056 4386 Quod
1075 4327 1173 4390 quum
1191 4305 1239 4372 ita
1254 4308 1311 4385 eit,
1334 4325 1425 4372 nemo
1447 4325 1497 4370 me
1516 4303 1737 4388 reprehendet,

351 4427 379 4492 si
394 4447 453 4511 ego
468 4426 658 4492 contendam
674 4426 707 4492 in
723 4431 884 4510 scriptura
897 4425 955 4490 illa
969 4428 1083 4512 quaerit
1096 4445 1154 4508 per
1169 4445 1265 4490 unam
1280 4425 1423 4490 litteram
1439 4422 1539 4490 solam
1556 4420 1752 4488 manufesto

350 4543 543 4630 deprehendi
563 4549 802 4633 coactionem,
823 4551 861 4609 nt
882 4541 969 4609 nullo
991 4543 1084 4609 modo
1105 4543 1245 4610 dubitari
1265 4543 1366 4628 possit
1386 4541 1462 4626 quin
1483 4541 1562 4607 baec
1583 4541 1738 4608 orationis

350 4663 494 4730 membra
512 4665 560 4730 ita
573 4665 658 4730 inter
673 4683 708 4729 se
724 4660 935 4747 exaequanda
955 4663 1030 4728 sint:
1052 4667 1084 4728 io
1104 4665 1244 4730 iudicium
1266 4689 1327 4728 non
1341 4665 1454 4736 uenire,
1476 4675 1583 4726 ccccm
1603 4663 1644 4726 A.
1665 4659 1738 4727 Cae·

252 4853 255 4860 ,
349 4789 415 4850 cino
433 4785 594 4871 possedeat
612 4806 711 4857 necne,
732 4795 828 4848 tornea
848 4785 950 4848 doceri
963 4783 1145 4870 poceedc‘ccc:
1170 4781 1261 4846 multo
1282 4784 1369 4846 ctiam
1382 4783 1480 4847 ouum
1492 4783 1613 4868 pomeri,
1637 4793 1736 4844 utrum

347 4905 389 4966 A.
416 4901 556 4970 Caecinae
572 4901 692 4988 surreiae
716 4905 756 4967 sit
776 4925 878 4976 necue,
898 4925 944 4968 mc
968 4913 1067 4967 tanuen
1086 4904 1121 4968 iu
1138 4905 1236 4986 speum
1263 4903 1408 4974 comite,
1423 4901 1560 4986 semeiam
1587 4921 1646 4964 cccc
1667 4896 1738 4962 Coc·
