4880 6538
340 1127 458 1186 Interea
472 1143 563 1203 quum
578 1125 750 1202 itineribus,
765 1129 873 1207 partim
889 1129 980 1189 etiam
993 1127 1113 1206 publica
1121 1129 1247 1207 pecunia
1258 1129 1413 1206 susceptis,
1424 1132 1489 1188 tum
1504 1128 1624 1200 sobolis,
1641 1147 1717 1206 quae

338 1213 372 1272 in
387 1211 546 1272 Academia
562 1214 860 1290 medico-chirurgica
881 1217 1015 1277 Dresdae
1030 1215 1229 1286 habebantur,
1257 1215 1390 1274 studium
1414 1235 1514 1274 rerum
1539 1213 1721 1274 naturalium

338 1297 432 1372 magis
446 1316 480 1357 ao
494 1298 587 1372 magis
602 1300 699 1360 colere
721 1319 881 1379 numquam
902 1301 1028 1360 destitit.
1071 1303 1176 1378 Itaque
1190 1301 1333 1379 paulatim
1348 1301 1482 1360 innotuit
1498 1305 1528 1360 et
1544 1299 1718 1361 societatum

337 1382 618 1458 antomologicarum
634 1389 664 1445 et
680 1386 853 1446 Sudinensis
868 1393 899 1446 et
914 1387 1066 1446 Parisinse
1086 1391 1117 1446 et
1130 1386 1371 1463 Petropolitauae
1386 1397 1417 1446 et
1431 1379 1640 1458 Londinensis,
1656 1391 1720 1445 tum

337 1467 489 1530 societatis
514 1487 589 1528 caea.
604 1471 772 1546 soologicae
787 1481 818 1531 et
838 1473 993 1532 botanicae
1007 1471 1262 1544 Uindobenensis‚
1283 1471 1450 1530 litterarum
1471 1471 1669 1544 Gorliceusis‚
1692 1489 1717 1529 a

336 1561 435 1612 autem
453 1553 543 1613 LXV.
558 1553 722 1634 imperialis
737 1558 1058 1637 Leopoldo-Carolinae
1080 1557 1178 1617 socius
1193 1557 1363 1617 ordinarius
1378 1558 1473 1616 iectus
1488 1565 1541 1616 est.

337 1767 423 1818 uatus
437 1759 634 1838 lIeyenburgi
647 1761 680 1819 in
695 1763 837 1840 oppidulo
853 1763 1036 1837 Priegnitiae
1059 1764 1089 1821 d.
1107 1762 1148 1822 X.
1172 1781 1263 1823 mens.
1288 1763 1369 1838 Sept.
1391 1779 1416 1818 a.
1438 1761 1614 1840 XXXYIII.
1632 1765 1716 1838 patre

335 1845 449 1918 Cerolo,
466 1851 559 1904 matre
574 1845 756 1906 Guilelmina
771 1869 788 1908 e
802 1849 982 1924 gauselius,
1004 1852 1074 1926 post
1093 1847 1220 1925 primam
1234 1847 1422 1924 disciplinam
1438 1847 1584 1924 puerilem
1599 1847 1718 1906 scholae

335 1931 571 2003 Perleburgensi
586 1931 619 1990 in
634 1951 693 2008 qua
707 1952 807 1993 rerum
822 1934 1002 1994 naturalium
1016 1933 1149 1994 studium
1163 1937 1195 1993 et
1208 1937 1288 1992 artes
1303 1933 1509 2010 quaestuariae
1530 1932 1718 2008 potissimum

335 2017 481 2086 coluntur,
498 2017 626 2076 traditus
638 2027 692 2076 eat
726 2019 842 2078 Relicta
854 2022 908 2078 heo
923 2019 1024 2079 schola
1040 2037 1066 2077 a.
1081 2019 1180 2079 LIIII.
1196 2023 1289 2078 artem
1303 2018 1593 2078 medicamentariam
1609 2017 1718 2076 didicit

335 2110 366 2162 et
383 2122 408 2160 a.
423 2099 519 2160 LXII.
535 2121 658 2162 examen
672 2103 823 2180 publicum
836 2104 977 2164 absoluit.
1009 2105 1084 2163 Tum
1096 2103 1130 2162 in
1140 2103 1338 2163 uniuersitate
1353 2103 1415 2164 litt
1430 2102 1620 2162 Berolinensi
1635 2102 1718 2161 bien·

335 2188 418 2246 nium
433 2193 640 2264 praeceptores
655 2189 721 2248 eius
736 2190 857 2249 fuerunt
871 2190 1087 2262 llitscherlioh,
1102 2191 1195 2263 Rose,
1210 2190 1352 2264 Magnus,
1368 2187 1608 2260 Bonnenscbein,
1632 2189 1715 2259 Dow,

334 2275 472 2346 Karsten,
488 2274 582 2348 Berg,
596 2273 629 2333 in
644 2274 831 2336 laboratoriis
852 2277 943 2336 ducas
958 2275 1183 2336 Sonnenachein
1204 2279 1236 2335 et
1256 2275 1413 2334 Finlsauer.
1456 2275 1545 2333 Nunc
1567 2273 1716 2332 officinam

333 2361 495 2418 chemicam
520 2378 603 2418 suam
625 2361 759 2420 Berolini
785 2362 982 2422 administrat.
1027 2360 1154 2439 Scripsit
1179 2360 1269 2420 etiam
1290 2360 1548 2420 dissertationem:
1576 2347 1718 2419 ‘Ueber

334 2443 646 2589 krlpptllelipitptes
668 2433 984 2520 Natrousiderat',
1002 2466 1077 2526 quae
1093 2451 1139 2507 est
1153 2445 1187 2506 in
1199 2445 1334 2506 Annal.
1350 2444 1717 2522 Poggendoriiianis

334 2551 360 2588 a.
481 2550 520 2588 .e
543 2549 554 2588 s
586 2573 594 2587 .

333 2725 420 2778 natus
432 2719 564 2778 ldiseuae
577 2735 601 2775 a.
621 2716 748 2777 XLIIII.
765 2723 848 2796 patre
861 2718 968 2778 carolo
980 2719 1056 2779 iuris
1069 2719 1228 2797 utriusque
1240 2720 1370 2791 doctore,
1387 2723 1522 2778 senatore
1537 2716 1715 2794 Misenensi,

333 2813 425 2864 matra
442 2803 548 2864 Ottilia
562 2821 579 2862 e
593 2809 681 2876 gente
696 2804 816 2880 Karpia,
831 2815 899 2882 post
913 2805 1060 2882 puerilem
1074 2805 1294 2866 institutionem
1309 2804 1427 2864 scholae
1442 2803 1573 2863 Airanae
1587 2803 1717 2864 traditus

348 2897 429 2968 tper
443 2911 495 2950 aex
517 2907 610 2948 annos
630 2889 695 2948 eius
717 2890 878 2970 disciplina
897 2911 969 2950 usus
991 2895 1044 2950 est
1066 2895 1102 2952 Δ.
1124 2891 1237 2950 LXIII.
1260 2890 1391 2966 Lipsiam
1414 2909 1446 2948 se
1467 2890 1594 2950 contulit
1609 2892 1641 2949 et
1654 2909 1716 2949 non

336 2976 470 3050 neglecto
485 2975 611 3034 aliarum
625 2993 739 3048 rerum,
761 2995 837 3053 quae
859 2976 937 3036 scitu
952 2977 1061 3052 dignae
1075 2973 1191 3047 essent,
1215 2977 1317 3038 studio
1337 2975 1526 3052 potissimum
1548 2975 1717 3050 liemarum

335 3061 535 3130 orientalium,
552 3081 676 3138 quarum
691 3081 821 3121 amorem
832 3061 892 3120 iam
905 3064 980 3121 duce
992 3063 1088 3122 Grafio
1100 3065 1234 3122 Misenae
1251 3067 1376 3138 caperet,
1388 3061 1570 3134 alciacum,
1579 3060 1715 3133 Krehlio,

334 3147 536 3206 Broclahausio
550 3147 790 3224 praeceptoribus
806 3147 960 3206 scientiam
975 3148 1035 3206 eibi
1050 3149 1241 3225 comparauit
1281 3149 1368 3206 Nunc
1383 3147 1513 3206 triennio
1529 3147 1649 3223 Lipsiae
1665 3165 1714 3206 ex·

335 3239 400 3292 acto
416 3233 475 3291 iam
491 3233 579 3290 etiam
596 3233 669 3291 alias
684 3238 779 3290 terras
794 3232 963 3290 litterarum
978 3251 1066 3291 causa
1080 3234 1166 3292 adira
1181 3232 1296 3292 statuit.

660 3351 812 3411 PAULUS
834 3352 1068 3412 FltIDERICUS
1091 3351 1382 3411 PFOTENHAUER

333 3435 628 3496 natusGlauchauiae
643 3439 672 3496 d.
688 3436 789 3496 XXX.
798 3457 889 3497 mens.
901 3437 960 3496 Iul.
978 3457 1002 3496 a.
1019 3439 1116 3497 XLII.
1131 3445 1215 3516 patre
1226 3437 1380 3495 Friderico
1395 3433 1555 3504 Guilelmo,
1572 3433 1624 3510 qui
1635 3451 1717 3492 nuno

333 3541 466 3580 summus
486 3523 590 3580 consul
610 3523 788 3582 Dresdensis
816 3532 874 3595 est,
890 3531 983 3582 matre
1004 3525 1136 3585 Antonia
1159 3523 1313 3583 Ludouiea
1333 3543 1349 3580 e
1370 3526 1459 3596 gente
1481 3518 1713 3584 Funlsbaenelia

333 3607 405 3666 Post
427 3607 616 3684 disciplinam
639 3609 785 3684 puerilem
799 3609 994 3688 gymnasium,
1012 3609 1091 3687 quod
1108 3611 1242 3668 Drasdea
1261 3615 1307 3668 est
1330 3610 1369 3666 ad
1385 3609 1454 3667 Stee
1471 3604 1584 3674 Crucis,
1600 3607 1714 3662 rectore

334 3694 358 3751 1.
374 3693 406 3751 L.
422 3693 496 3752 Klee
511 3693 723 3771 frequentauit.
766 3697 918 3754 Autumno
941 3715 968 3751 o.
983 3695 1079 3754 LXII.
1100 3696 1298 3754 maturitatem
1317 3694 1521 3752 Academicum
1537 3693 1714 3748 consecutus

332 3797 387 3854 per
401 3777 435 3836 V.
451 3779 606 3838 semestris
630 3779 858 3838 uniuersitatem
878 3779 937 3837 litt.
953 3779 1151 3858 Lipsiensem‚
1177 3799 1337 3858 perunum
1353 3780 1462 3838 dehinc
1476 3775 1713 3852 liuperto-(laro-

332 3864 424 3922 linam
441 3863 723 3939 Heidelbergenscm
739 3865 950 3943 frequentauit
965 3866 1061 3943 primo
1076 3866 1166 3937 iuris,
1183 3873 1286 3942 postea
1302 3865 1445 3924 historiae
1468 3861 1569 3922 studio
1585 3859 1714 3919 maxime

332 3949 464 4008 deditus.
494 3950 645 4009 Historiae
665 3953 835 4012 tractandae
850 3969 937 4010 causa
952 3951 1084 4011 Berolini
1098 3951 1131 4010 iu
1147 3951 1343 4010 uniuersitate
1359 3951 1417 4008 litt.
1434 3945 1715 4007 asceaco-Guilel-

333 4035 430 4094 miana
444 4041 625 4112 postremum
640 4041 776 4096 uersatam
791 4044 837 4096 est
852 4042 882 4096 et
896 4037 940 4096 ibi
955 4058 1009 4116 per
1022 4038 1190 4114 proximum
1206 4038 1295 4098 etiam
1317 4045 1433 4112 tempus
1455 4033 1570 4093 uersari
1592 4033 1713 4107 cogitat

332 4122 541 4198 Praeceptores
563 4122 629 4181 eiua
651 4123 773 4181 fuerunt
787 4123 904 4200 Lipsiae
919 4127 1052 4196 Abrens,
1072 4126 1230 4196 Albrecht‚
1248 4124 1384 4192 Curtius,
1409 4119 1573 4191 Drobisch,
1595 4117 1712 4188 Flathe,

330 4207 448 4278 Miller,
465 4208 626 4280 Ouerbeclr,
642 4209 777 4280 Piickert,
794 4209 935 4278 Roscher,
951 4208 1070 4287 Seydel,
1085 4211 1123 4267 de
1136 4209 1319 4281 Treitschlre,
1333 4209 1534 4278 Wachamuth‚
1546 4203 1710 4274 Waechter‚

333 4293 466 4363 Wuttke,
480 4293 624 4362 Zarncke,
650 4293 868 4368 Heidelbergae
888 4295 1035 4366 Hiuaser,
1058 4295 1266 4362 wattenbach,
1284 4293 1418 4353 Berolini
1436 4294 1579 4368 Droysen,
1596 4287 1711 4359 (insist,

330 4380 368 4436 de
378 4377 590 4449 iloltnendorff‚
598 4381 770 4450 Mommsen,
780 4380 890 4449 Renke,
901 4371 1009 4458 quibus
1018 4379 1092 4439 uiris
1099 4380 1301 4440 omnibusiam
1314 4379 1455 4436 maximas
1468 4374 1656 4450 agitgratias‚
1667 4373 1713 4431 in-

329 4463 433 4540 primis
450 4483 520 4522 uero
535 4464 587 4536 iis,
612 4484 686 4542 quos
702 4467 739 4522 ad
756 4465 984 4525 exercitationes
999 4465 1157 4526 historicas
1171 4467 1287 4525 aditum
1298 4464 1357 4524 sibi
1372 4462 1526 4539 parauisse
1540 4457 1709 4536 profitetur,

333 4549 462 4618 Wuttke‚
479 4549 682 4620 wattenbach,
699 4549 809 4608 Ranke.

916 4731 1123 4740 u———-..-—
