4880 6538
775 985 1207 1054 -.....5........-.-

306 1192 410 1270 uides,
426 1190 568 1256 monitus
584 1209 604 1252 e
620 1187 672 1252 Fr.
689 1184 914 1252 LudKellero
929 1181 1134 1268 iampridem
1155 1193 1217 1246 tom
1239 1196 1464 1262 reposuerem‚
1485 1175 1572 1260 quod
1596 1175 1698 1240 uerba

307 1321 390 1386 quee
406 1300 556 1385 opposite
570 1303 646 1364 sunt
660 1296 736 1362 huic
757 1295 919 1362 membro:
949 1296 1031 1380 quod
1052 1293 1134 1358 nollo
1155 1304 1288 1376 tempore
1307 1291 1371 1354 iure
1384 1292 1460 1374 fleri
1473 1300 1577 1373 potest,
1593 1305 1696 1369 paene

308 1411 457 1496 flagitare
472 1408 632 1476 uidentur.
670 1406 774 1484 Quem
790 1406 831 1472 ob
847 1425 917 1472 rem
932 1409 1021 1470 recte
1038 1403 1202 1485 Kayserus
1218 1399 1311 1478 fecit,
1327 1399 1413 1481 quod
1428 1411 1488 1462 enos
1505 1395 1699 1482 partientem

311 1521 464 1588 seruauit.

215 1609 217 1614 Ι
396 1632 423 1712 ξ.
440 1635 468 1694 ὀ.
490 1633 527 1694 ut
542 1627 618 1694 mihi
635 1626 777 1692 minume
792 1624 995 1708 probandum
1012 1643 1086 1688 esee
1101 1621 1231 1686 uidetur
1256 1618 1343 1703 quod
1358 1618 1522 1702 Kayserus
1545 1635 1648 1698 nuper
1667 1616 1700 1678 in

311 1737 421 1804 uerbis
437 1738 503 1802 his:
534 1735 601 1815 Qun
616 1741 647 1802 io
662 1739 745 1812 resi
757 1737 832 1802 ordii
851 1747 923 1800 esset
944 1737 1035 1800 untur
1050 1735 1090 1797 Α.
1111 1731 1252 1798 Caecinae
1273 1753 1363 1794 causo
1381 1729 1514 1814 menda,
1540 1731 1702 1814 profiterer

309 1852 380 1914 satu
400 1851 538 1914 {doricum
560 1871 618 1914 csse
638 1870 687 1914 me
706 1847 907 1932 defensores,
927 1855 1090 1931 propterea
1115 1843 1199 1927 qued
1215 1843 1311 1926 fidem
1336 1863 1433 1905 mecm
1459 1839 1701 1924 ditiqeotinmqoe

306 1970 509 2044 praestares,
517 1955 623 2020 omitti
632 1959 663 2020 in
674 1954 947 2038 praepositionem
956 1954 1004 2018 ite
1015 1952 1128 2030 uoluit,
1136 1957 1174 2018 ut
1185 1949 1384 2016 scriberetur
1395 1954 1607 2034 quare-est
1618 1947 1702 2012 enim

314 2071 456 2153 quaiore
465 2065 551 2130 idem
563 2065 650 2147 quod
662 2087 733 2148 quo
748 2068 784 2129 in
799 2087 920 2142 cauea,
935 2087 1007 2148 quo
1022 2067 1059 2127 io
1072 2065 1267 2139 iudicio-,
1277 2059 1324 2125 sic
1334 2059 1415 2123 illud
1428 2057 1702 2141 comprobandum
1779 2133 1783 2140 ‚

319 2195 390 2242 esse
407 2175 566 2240 existumo
583 2173 670 2256 quod
687 2173 720 2238 in
735 2173 846 2238 uerbis
866 2172 923 2251 iis,
945 2193 1029 2255 ques
1050 2172 1202 2254 deinceps
1224 2171 1390 2253 leguntur:
1421 2167 1482 2235 Sed
1501 2191 1593 2254 quum
1614 2169 1651 2234 de
1670 2191 1703 2235 eo

317 2287 394 2352 miii
406 2289 474 2350 ciere
489 2285 646 2348 diomedem
660 2286 704 2360 eit,
720 2285 802 2368 quod
808 2285 961 2368 pertimet
974 2282 1015 2348 cd
1031 2305 1140 2355 monce,
1150 2281 1233 2366 quod
1248 2283 1430 2345 commotum
1446 2283 1482 2343 st
1496 2303 1517 2344 a
1531 2281 1705 2358 maioribus,

320 2406 524 2466 comerciacum
539 2413 631 2476 usque
646 2391 687 2454 ad
702 2391 758 2456 doe
773 2401 905 2477 tenpus,
922 2415 981 2476 quo
1002 2393 1115 2476 subduc
1129 2391 1298 2454 ocricolum
1311 2413 1389 2476 pare
1403 2391 1504 2476 merto
1523 2393 1596 2454 iuris
1616 2393 1706 2456 eme

318 2516 391 2568 oute
411 2515 466 2568 eto.
487 2501 574 2566 idem
593 2500 757 2582 Kayserus
778 2521 796 2566 e
822 2499 1190 2584 codicei'fegernseensi
1213 2500 1338 2582 recepit
1356 2502 1493 2585 qswdqsn
1514 2487 1713 2564 corstituuem‘

309 2617 358 2678 ‚sit
371 2631 431 2696 pro
446 2614 527 2697 quod
540 2613 733 2678 constitution
747 2613 796 2676 eit.
840 2610 888 2676 Eo
904 2611 1004 2689 enim,
1020 2610 1108 2694 quod
1123 2610 1234 2693 priore
1248 2609 1313 2674 iste
1330 2609 1476 2674 membre
1496 2609 1603 2694 aptius
1621 2611 1706 2676 inter

320 2743 356 2788 se
372 2722 620 2804 coniunguntur,
635 2721 770 2786 tertium
784 2719 880 2798 illud,
902 2719 990 2804 quod
1005 2719 1120 2802 incipit
1134 2740 1154 2784 e
1168 2719 1279 2784 uerbis
1295 2742 1353 2806 quo
1367 2720 1479 2784 cutim
1500 2724 1534 2784 et
1548 2740 1612 2802 quo
1628 2721 1706 2803 quid

320 2853 360 2896 ex
375 2851 416 2896 ee
429 2851 466 2896 rc
480 2830 675 2896 incommodi
689 2835 844 2895 nascetur
859 2829 1055 2906 ostenditur,
1072 2829 1176 2912 megis
1193 2827 1342 2908 effertur,
1369 2828 1402 2892 id
1417 2829 1505 2912 quod
1526 2830 1706 2896 sententiae

320 2960 471 3006 maxume
487 2939 766 3006 accommodatum
782 2943 842 3004 eet.
879 2939 916 3004 In
927 2938 1083 3004 membris
1097 2923 1205 3004 eutem
1221 2939 1287 3004 his:
1302 2942 1383 3025 quod
1390 2943 1535 3024 pertineat
1548 2943 1707 3014 memore,

323 3054 460 3138 quodque
474 3053 675 3116 coustitutum
689 3053 726 3117 eit
738 3074 759 3114 o
771 3051 955 3122 omicribue,
972 3061 1176 3114 commatum
1189 3071 1283 3134 cumae
1297 3053 1339 3114 od
1351 3052 1407 3114 hcc
1422 3061 1550 3137 temptes,
1570 3051 1710 3114 alterum

326 3161 452 3228 duebns
479 3159 628 3244 pertibus
649 3181 709 3243 per
728 3159 908 3244 asyndeton
934 3159 1049 3243 positis
1080 3165 1222 3238 constet,
1254 3181 1390 3243 querum
1415 3159 1638 3243 intellegentis
1663 3161 1724 3226 ite-

327 3271 512 3350 adiuuetuu
528 3271 651 3336 sinoce
666 3270 769 3336 uerbe
783 3274 972 3336 mmtdutum
987 3275 1022 3334 et
1036 3282 1240 3335 moerentum
1253 3271 1286 3334 in
1301 3270 1541 3353 pronuntiando
1557 3269 1684 3336 efferes.

308 3367 311 3374 ¹
408 3381 436 3464 ξ.
453 3383 481 3446 t.
525 3381 676 3446 Baiterns
693 3369 903 3464 et'Koyssrus
920 3379 1085 3444 Ciceronis
1104 3379 1209 3444 uerbo
1227 3380 1276 3444 sic
1295 3380 1545 3446 constituerunt:
1575 3379 1662 3444 Nam
1680 3394 1712 3444 oe

324 3514 461 3577 quaeque
474 3515 521 3558 ree
536 3504 576 3558 eet
591 3494 789 3576 turpissume,
805 3493 848 3556 ric
860 3513 1000 3554 moenere
1015 3502 1043 3556 et
1056 3493 1264 3556 inmurmeume
1277 3491 1458 3556 uiridieaodo
1472 3501 1527 3555 eet:
1542 3501 1576 3554 at
1598 3491 1710 3560 eadem,

323 3605 394 3686 quia
410 3604 644 3666 eoiuumatiooie
657 3602 824 3686 peremtum
838 3613 892 3676 eet,
911 3601 1090 3666 taediosum
1110 3584 1272 3676 indicatae,
1296 3621 1362 3684 qua
1381 3600 1414 3664 in
1435 3620 1471 3664 re
1491 3599 1710 3674 coniecturam

323 3731 438 3788 mecm,
454 3731 552 3792 quem
567 3710 735 3792 superiore
750 3714 896 3792 tempore
911 3710 945 3774 in
957 3711 1224 3775 mameaeonibm
1240 3713 1383 3776 stellionis
1393 3731 1425 3794 p.
1441 3715 1478 3774 10
1492 3731 1537 3792 sq.
1554 3728 1709 3792 proposu-

323 3839 428 3900 eram,
450 3841 523 3886 sese
543 3825 675 3886 secutos
696 3839 768 3884 esse
791 3817 997 3901 profitentur.
1041 3817 1106 3883 Sed
1125 3825 1236 3884 temen
1257 3820 1356 3885 etiem
1375 3839 1461 3884 nunc
1482 3820 1523 3884 de
1538 3818 1633 3883 huius
1648 3818 1711 3883 loci

323 3930 486 4015 scripture
500 3929 645 3996 dubitari
659 3949 755 4013 posse
770 3928 910 3996 uidetur.
955 3928 1089 4012 Legitur
1105 3931 1190 3996 enim
1205 3931 1238 3995 in
1260 3929 1371 3995 codice
1386 3929 1578 3995 Teurinensi
1598 3927 1711 4012 petim-

323 4046 434 4124 psesto
449 4061 509 4124 pro
524 4040 635 4106 uerbis
649 4053 681 4106 at
695 4041 797 4132 eadem
804 4043 878 4125 quia
893 4025 1077 4106 hocADDE
1092 4041 1240 4106 EADEM
1255 4026 1341 4106 Hit]
1357 4039 1469 4119 QUIA.
1500 4039 1549 4104 Ex
1565 4059 1604 4105 eo
1615 4038 1710 4104 facile

326 4150 526 4234 intellegitur
549 4151 694 4216 codicem
723 4149 955 4234 archetypum,
974 4151 1061 4216 unde
1087 4151 1189 4216 codex
1210 4151 1421 4216 Tenrinensis
1446 4149 1628 4232 exscriptus
1654 4154 1713 4222 est,
1767 4207 1775 4222 ,

325 4261 520 4342 scripturum
534 4274 567 4326 ot
576 4265 612 4326 de
626 4261 728 4328 cadero
741 4261 798 4325 lenc
811 4263 882 4345 quia
896 4259 1059 4337 habuisse,
1075 4261 1108 4326 in
1124 4262 1228 4327 altero
1244 4267 1353 4328 eutem
1368 4261 1468 4338 libro,
1489 4280 1555 4343 quo
1578 4265 1710 4325 auctore

324 4369 362 4448 is,
376 4369 432 4452 qui
444 4370 630 4438 emenduuit
643 4369 735 4436 illum
749 4369 877 4448 librum,
893 4391 971 4435 usus
982 4377 1042 4448 est
1058 4371 1128 4436 fere
1142 4371 1227 4436 hene
1236 4372 1432 4455 scripturam
1446 4369 1711 4447 miscentium,
1807 4449 1816 4468 ι

325 4482 408 4564 quio,
425 4500 524 4561 quem
539 4481 670 4564 quidem
685 4481 880 4563 scripturam
900 4480 1001 4546 ceteri
1019 4481 1110 4562 libri,
1132 4482 1280 4566 quemuis
1300 4481 1392 4546 uarie
1414 4500 1454 4545 ee
1472 4479 1576 4546 uerba
1590 4479 1714 4562 scripte

324 4589 484 4667 habeant,
505 4591 635 4656 omnino
652 4595 794 4657 tuentur.
839 4592 886 4655 Ac
908 4590 1054 4673 profecto
1070 4592 1144 4658 eliis
1160 4613 1290 4678 quoque
1304 4591 1384 4656 locis
1399 4591 1529 4656 litteree
1553 4590 1587 4654 in
1602 4589 1712 4655 codice

327 4699 519 4764 Teurinensi
533 4700 661 4784 punctis
681 4705 836 4766 notentur
850 4699 941 4778 illae,
962 4721 1045 4784 quae
1066 4707 1124 4767 out
1142 4703 1300 4769 delendae
1322 4707 1399 4778 sunt
1417 4706 1476 4766 eut
1496 4701 1598 4767 deleri
1617 4720 1713 4785 posse

326 4807 737 4889 ndentn‚u01us1r,4s.
761 4797 1016 4892 coucnnlss't,
1041 4818 1093 4892 ιτ,
1113 4818 1163 4878 is.
1185 4812 1369 4879 uernum
1390 4797 1576 4890 unroco,
1593 4811 1714 4876 ibidem

326 4905 530 5000 Teucrus,
547 4927 597 5001 23,
613 4904 809 5000 es‘ouou
824 4921 1030 4990 susumus
1045 4911 1233 5001 nrouou
1248 4923 1379 5013 suxis.
1425 4924 1497 5002 oua
1517 4943 1553 4988 re
1567 4923 1611 5000 u,
1627 4921 1712 5004 quoe
