4880 6538
795 959 950 968 ..ff-q.
1004 925 1047 996 27
1104 957 1257 964 .---,...

333 1148 424 1207 quum
439 1149 518 1190 nove
531 1132 601 1211 lega
615 1150 641 1192 a.
655 1131 800 1192 XLVIII.
815 1133 876 1192 lata
889 1151 987 1192 nouus
1001 1129 1165 1209 gymnasiis
1186 1147 1290 1188 cursus
1312 1129 1502 1204 adiiceratur,
1518 1131 1619 1208 itaque
1633 1133 1715 1194 Lito·

332 1215 484 1276 mericiam
498 1217 627 1276 reuertit
641 1223 672 1276 et
686 1237 711 1277 a.
728 1219 760 1278 L.
777 1221 902 1294 Pragam
917 1217 1016 1277 rediit.
1040 1217 1098 1276 Hic
1112 1214 1296 1292 philologiae
1311 1235 1428 1292 operam
1445 1217 1530 1276 dedit
1543 1218 1715 1278 auctoribus

332 1307 363 1360 et
377 1304 620 1379 praeceptoribus
636 1305 804 1363 studiorum
815 1323 937 1364 suorum
950 1303 984 1362 G.
997 1303 1110 1374 (lartio,
1127 1302 1213 1360 cuius
1223 1319 1366 1360 summam
1377 1303 1410 1360 in
1429 1321 1461 1360 se
1479 1303 1717 1363 beneuolentians

331 1388 494 1462 praedicat,
509 1393 545 1448 A.
561 1388 760 1458 Schleicberc,¹
776 1395 812 1448 Δ.
828 1389 958 1460 Hahnio,
971 1389 1006 1448 G.
1018 1389 1170 1464 Bipparto.
1193 1389 1302 1446 Postea
1316 1388 1349 1445 in
1364 1388 1516 1464 gymnasio
1532 1389 1717 1464 Reginohra-

333 1473 419 1531 densi
429 1468 638 1552 (Kiiniggritz)
648 1493 755 1534 munus
768 1474 971 1550 praeceptoris
985 1473 1093 1532 uicarii
1107 1471 1239 1548 suscepit
1253 1477 1283 1530 et
1296 1472 1417 1550 publico
1430 1473 1565 1533 examine
1576 1475 1715 1534 absolute

331 1577 357 1616 a.
374 1559 472 1616 LIIII.
488 1559 602 1618 ibidem
616 1569 791 1636 praeceptor
804 1559 953 1638 gymnasii
969 1558 1140 1618 ordinarius
1153 1557 1249 1616 factus
1265 1569 1325 1630 est,
1340 1567 1366 1618 a.
1383 1563 1482 1617 autem
1503 1559 1562 1618 LV.
1593 1561 1717 1620 Olomu·

333 1643 411 1702 mum
435 1651 560 1702 uocatus
581 1646 789 1723 gymnasiique
804 1647 946 1720 magister
961 1645 1132 1704 ordinarius
1155 1643 1251 1702 tactus
1271 1651 1331 1714 est,
1359 1663 1417 1720 quo
1439 1663 1569 1718 munere,
1586 1645 1717 1722 aliquam

333 1729 387 1786 diu
402 1735 525 1806 propter
540 1733 695 1790 aduersam
711 1731 916 1790 ualetudinem
930 1731 1112 1802 intermisso,
1127 1729 1217 1788 etiam
1231 1747 1311 1788 nunc
1325 1729 1470 1804 fungitur.

661 1849 864 1910 sneisane
887 1849 1199 1909 csnrsosrouue
1223 1831 1383 1907 ssulux
1506 1920 1513 1928 ,
1661 1905 1692 1916 ,,

332 1941 421 1992 natus
433 1933 558 1994 Parisiis
570 1954 672 1996 mense
680 1937 769 1995 Innio
779 1956 804 1994 a.
817 1936 928 2007 xxn,
939 1936 1077 2012 quintum
1087 1953 1196 1992 annum
1207 1952 1298 2009 agens
1308 1938 1392 2010 patre
1404 1936 1533 2004 orbatus,
1546 1941 1615 2012 poet
1625 1935 1657 1993 in
1666 1935 1718 1994 Se·

332 2019 492 2078 minarium
507 2020 677 2080 ParisInum
689 2027 826 2098 receptus
842 2029 887 2080 eat
902 2041 927 2077 e.
942 2021 1075 2080 XXXII.
1092 2020 1195 2096 ibique
1216 2038 1311 2095 usqua
1332 2023 1370 2078 ad
1388 2038 1498 2078 annum
1512 2019 1576 2078 XL.
1593 2020 1717 2089 litteras,

333 2106 889 2174 maximaGraeoasetLatinas‚didicit
904 2107 1084 2166 Postceoum
1091 2125 1202 2173 sorore,
1210 2123 1285 2181 quae
1291 2105 1406 2164 homini
1413 2105 1559 2164 Germano
1566 2111 1717 2181 nupserat,

334 2191 551 2250 Monasterium
565 2191 649 2250 uenit
664 2192 768 2269 ibique
783 2192 1013 2270 quadriennium
1025 2199 1056 2250 at
1066 2192 1198 2265 linguam
1211 2190 1415 2249 Germanicam
1431 2191 1538 2249 didicit
1553 2192 1719 2250 etFranco·

332 2277 469 2350 gallicam
490 2277 601 2336 docuit.
645 2279 743 2336 Morte
766 2278 870 2336 matris
890 2278 923 2335 in
943 2277 1068 2354 patriam
1091 2281 1246 2336 reuocatus
1266 2267 1343 2334 etin
1359 2277 1455 2352 patria
1470 2278 1544 2335 urbe
1559 2277 1624 2352 ipsa
1640 2283 1670 2334 et
1685 2277 1718 2334 in

331 2362 498 2439 prouinciis
512 2363 632 2438 imperii
647 2361 863 2438 Francogallici
884 2363 1080 2422 instituendis
1108 2375 1138 2420 et
1164 2361 1326 2420 educendis
1348 2362 1449 2438 pueris
1476 2382 1596 2438 operam
1624 2363 1717 2421 dedit

332 2449 418 2506 Idem
434 2447 505 2506 fecit
520 2455 624 2524 postea
638 2449 779 2508 Londinii
795 2451 867 2508 inde
883 2451 920 2506 ab
935 2468 960 2508 a.
978 2449 1044 2506 LII.
1060 2445 1155 2524 usque
1170 2449 1209 2506 ad
1224 2467 1250 2503 a.
1265 2447 1342 2518 Lv.,
1365 2447 1418 2506 ubi
1438 2447 1578 2520 Anglicus
1601 2448 1718 2507 litteras

333 2534 490 2592 adamauit.
535 2534 653 2592 Deinde
675 2535 807 2593 Parisios
829 2535 955 2592 reuertit
974 2541 1005 2593 et
1023 2553 1101 2592 anno
1122 2541 1191 2609 post
1212 2551 1386 2607 generosam
1405 2533 1549 2591 familiam
1564 2534 1719 2592 Russicam

333 2637 387 2695 per
403 2638 504 2678 ornnes
519 2625 618 2694 partes
633 2620 738 2678 Italiae
755 2639 851 2678 comes
867 2625 986 2678 secutus
1001 2627 1046 2678 est
1062 2637 1126 2677 cum
1138 2621 1301 2694 eademque
1312 2617 1426 2676 familia
1440 2619 1571 2677 Odessae
1587 2618 1718 2694 aliquam

334 2704 388 2762 diu
414 2704 511 2778 degit,
535 2723 593 2780 quo
616 2705 648 2763 in
668 2705 776 2764 itinere
797 2706 886 2764 etiam
910 2705 1027 2780 linguas
1047 2704 1182 2762 Italicam
1205 2708 1236 2762 et
1251 2704 1404 2762 Russicam
1426 2704 1589 2776 addidicit,
1607 2705 1733 2781 quibus·

333 2795 437 2866 postea
468 2791 558 2848 etiam
579 2790 772 2867 Hispanicam
799 2795 830 2848 et
851 2791 1016 2860 Suecimm,
1045 2789 1174 2866 denique
1203 2789 1433 2848 Gildemeistero
1459 2791 1534 2848 duce
1559 2789 1719 2848 Arabicam

335 2875 482 2944 adiunxit,
500 2880 657 2953 postquam
673 2878 710 2934 ab
725 2876 829 2934 amicis
845 2877 1023 2952 quibusdam
1036 2875 1220 2934 Germanicis
1234 2874 1381 2934 inuitatus
1397 2875 1584 2934 domicilium
1599 2877 1720 2934 Bonnae
1740 2909 1744 2918 ·

334 2961 394 3018 sibi
409 2960 574 3030 constituit,
591 2961 644 3020 ubi
659 2961 730 3020 inde
746 2963 783 3020 ab
798 2979 823 3019 a.
839 2961 922 3020 LIX.
937 2961 971 3018 in
982 2960 1091 3020 scholis
1103 2962 1251 3038 Perryana
1267 2965 1298 3018 et
1312 2959 1507 3020 Fischeriana
1518 2961 1719 3039 praeceptoris

333 3065 456 3106 munere
471 3047 616 3124 fungitur.
646 3081 647 3084 ι

696 3130 893 3192 HLNRICUS
915 3131 1151 3190 FRIDERIOUS
1172 3131 1356 3190 BRASACK

332 3225 421 3276 natus
438 3216 652 3274 Schoenbeckii
669 3219 698 3276 d.
714 3217 795 3276 XVI.
813 3237 904 3276 mens.
920 3217 990 3275 Dec.
1007 3238 1032 3276 a.
1049 3216 1143 3274 XLII.
1162 3215 1250 3292 paulo
1267 3221 1333 3292 post
1348 3235 1414 3274 cnm
1429 3221 1513 3292 patre
1529 3215 1561 3274 in
1577 3215 1720 3292 oppidum

333 3303 431 3379 Barby
447 3301 596 3376 migrauit.
640 3305 714 3362 Post
729 3303 874 3379 puerilem
889 3302 1111 3360 institutionem
1126 3301 1218 3359 Halae
1233 3301 1267 3358 in
1283 3301 1424 3370 scholam,
1449 3320 1507 3377 qua
1529 3309 1607 3360 artes
1630 3321 1719 3378 quac·

333 3388 463 3446 stuariae
480 3389 635 3458 docentur,
644 3407 710 3448 cum
722 3388 915 3447 Franclsianis
930 3387 1080 3446 institutis
1096 3387 1293 3446 consociatam
1308 3385 1418 3445 missus
1433 3395 1487 3444 est.
1510 3387 1568 3446 Ubi
1580 3389 1661 3446 hanc
1676 3385 1720 3444 di·
1753 3405 1757 3414 ·

333 3473 488 3550 sciplinam
499 3473 631 3532 absoluit
641 3474 674 3532 in
689 3474 917 3534 uniuersitatem
931 3473 989 3532 litt.
1008 3475 1167 3532 Halensem
1179 3473 1308 3545 transiit,
1325 3477 1358 3531 ut
1373 3471 1539 3547 cognitioni
1553 3491 1655 3530 rerum
1670 3491 1720 3529 na·

332 3558 476 3617 turalium
492 3564 522 3616 et
537 3559 670 3618 chemise
685 3579 803 3637 operam
819 3562 913 3631 daret,
933 3559 1043 3635 quibus
1058 3560 1091 3617 in
1107 3558 1274 3634 disciplinis
1290 3567 1493 3636 praeceptores
1516 3559 1582 3616 eius
1598 3557 1720 3615 fuerunt

222 3653 227 3664 ’
332 3644 457 3714 Haintz,
477 3643 600 3714 Girard,
618 3645 740 3718 Giabel,
766 3647 804 3704 de
820 3645 1065 3717 Schlecbtcndal,
1082 3644 1230 3715 Sabellam
1246 3644 1398 3721 inprimis
1420 3663 1451 3702 se
1467 3643 1675 3702 Kncblauohio
1691 3647 1721 3701 ct

334 3729 491 3790 Siewertio
516 3730 690 3790 deuinctum
712 3751 777 3790 esse
797 3731 966 3808 profitetur,
990 3751 1007 3788 a
1031 3731 1140 3808 quibus
1161 3749 1193 3787 se
1222 3729 1255 3786 in
1282 3730 1423 3788 maiorem
1445 3731 1565 3788 modum
1584 3728 1720 3787 adiutum

334 3833 400 3874 csse
417 3815 499 3873 dicit.

512 3925 644 3985 IULIUS
667 3925 861 3985 IOSEPHUS
881 3923 1082 3985 Bubassus
1105 3925 1341 3985 FRIDERIGUS
1364 3923 1532 3984 ZIEGLER

332 4016 421 4070 natus
436 4011 626 4070 Franoolurti
641 4012 680 4069 ad
695 4012 834 4072 Moenum
852 4013 880 4070 d.
896 4011 993 4096 XXV.
1010 4031 1103 4070 mens.
1120 4011 1238 4070 Octobr.
1255 4031 1280 4069 a.
1301 4011 1366 4070 XL.
1383 4011 1511 4069 Amissis
1533 4017 1720 4087 praematura

334 4101 429 4156 morte
441 4097 627 4173 parentibus,
644 4104 712 4174 poet
726 4096 872 4174 puerilem
884 4098 1106 4156 institutionem
1121 4097 1155 4155 in
1166 4097 1321 4175 gymnasio
1334 4097 1567 4156 Francoiurtano
1583 4095 1720 4154 eruditus

334 4187 387 4253 est,
405 4185 457 4241 sed
474 4183 708 4260 quamprimum
730 4183 865 4241 ordinem
881 4183 985 4242 classis
1007 4185 1153 4242 secundae
1174 4187 1358 4259 superesset,
1374 4189 1495 4259 propter
1517 4181 1720 4240 ualetudinem

332 4267 472 4325 rusticari
496 4268 681 4344 aliquamdiu
697 4275 815 4328 coactus
842 4275 897 4326 est.
942 4269 1021 4328 Hinc
1040 4269 1218 4327 rusticarum
1243 4288 1342 4326 rerum
1364 4288 1398 4326 ac
1418 4268 1598 4326 naturalium
1619 4283 1720 4324 amore

334 4354 440 4411 ductus
461 4353 603 4412 scientiae
625 4373 724 4413 rerum
744 4354 926 4412 naturalium
949 4375 981 4412 se
1003 4357 1074 4413 dare
1103 4355 1260 4414 constitnit
1283 4361 1313 4412 et
1334 4355 1382 4410 his
1404 4355 1526 4429 quidem
1551 4351 1720 4428 disciplinis
1761 4359 1764 4369 “

333 4457 453 4514 operam
468 4458 552 4497 suam
567 4439 691 4498 nauauit
706 4441 810 4508 Gissue
826 4459 879 4516 per
894 4442 953 4499 duo
971 4440 1135 4512 semestris,
1151 4440 1286 4499 Berclini
1302 4457 1462 4516 perunum
1478 4447 1630 4510 semestre,
1646 4437 1720 4496 IIei-

334 4523 491 4598 delbergae
505 4544 559 4602 per
573 4525 633 4583 tria
649 4526 811 4596 semestris,
823 4526 977 4599 Marburgi
991 4545 1045 4602 per
1060 4523 1720 4598 semestreunum,Marbu1gietiamalterius

332 4609 509 4668 adsistentis
524 4629 647 4668 munere
662 4612 695 4670 in
709 4611 890 4669 laboratorio
906 4611 1055 4670 Kolbiano
1071 4612 1193 4671 fisnctus
1209 4619 1264 4669 ast.

544 4720 769 4780 LUDOUICUS
792 4721 991 4790 HENRIOIIS
1017 4719 1300 4780 FEBDINAIVDUS
1323 4718 1509 4779 MOELLER

333 4809 421 4864 natus
442 4805 671 4866 Bindarslebeni
697 4808 726 4865 d.
753 4806 868 4876 XVIII
889 4826 980 4866 mens.
1003 4809 1072 4866 Iun.
1093 4826 1119 4866 a.
1140 4806 1211 4866 XX.
1233 4811 1300 4883 post
1326 4805 1547 4864 institutionem
1573 4804 1721 4883 puerilem

335 4890 466 4950 scholam
487 4891 706 4964 Erfurtensam,
728 4903 791 4952 tum
807 4893 999 4952 seminarium
1021 4893 1311 4966 ludimagistrcmm,
1336 4893 1417 4970 quod
1432 4892 1464 4950 in
1480 4893 1582 4952 eadem
1599 4886 1720 4950 ciuitate

1479 5005 1516 5058 ⁴*
