4880 6538
1208 939 1597 1008 .-g—...-

681 1143 716 1202 et
730 1123 781 1202 sio'
791 1137 867 1202 mihi
880 1137 945 1202 ium
961 1137 1203 1202 constituendus
1218 1157 1288 1202 esse
1302 1137 1391 1204 uisus
1407 1141 1473 1204 est:
1490 1141 1562 1206 Hoc
1570 1143 1635 1206 loeo
1644 1143 1852 1225 percoounode
1859 1141 1971 1216 reddet,
1984 1141 2066 1226 pared

680 1279 742 1322 ooo
756 1258 840 1324 adest
852 1261 887 1330 ir,
903 1261 956 1340 qui
967 1257 1072 1342 paullo
1094 1269 1165 1322 orte
1179 1257 1278 1342 adfuit
1298 1271 1324 1326 ot
1342 1258 1445 1326 odore
1466 1260 1552 1324 nodis
1567 1261 1741 1346 frequenter
1760 1263 1792 1326 r'r
1815 1262 1869 1326 too
1884 1283 1974 1326 causo
1988 1261 2066 1332 solet,

680 1380 729 1442 rer'r
749 1379 978 1450 omcnseomue,
1006 1375 1036 1440 C.
1061 1379 1220 1461 Aquilius:
1248 1403 1321 1442 oom
1340 1383 1407 1462 ipso
1424 1391 1577 1464 praesento
1597 1379 1634 1444 do
1656 1383 1767 1445 uirtute
1785 1384 1846 1446 eim
1865 1392 1892 1444 ot
1906 1377 2068 1463 prodendo

680 1494 812 1564 &nudior
825 1494 959 1568 dicem
975 1495 1056 1580 quod
1070 1507 1099 1561 et
1113 1499 1176 1578 ipre
1187 1498 1306 1580 pudore
1319 1497 1451 1583 quodam
1462 1497 1636 1580 adficeretur
1647 1523 1683 1564 ex
1696 1523 1753 1564 mou
1764 1499 1852 1564 londo
1862 1509 1890 1563 ot
1902 1520 1948 1561 mo
1961 1495 2068 1558 similis

681 1611 756 1676 rotie
772 1617 898 1694 pudoris
912 1637 933 1678 a
945 1618 1105 1696 promente
1120 1615 1208 1678 trodo
1223 1615 1372 1682 tardaret:
1393 1620 1476 1682 ouius
1490 1621 1662 1682 armenti
1679 1617 1790 1682 dictum
1803 1629 1845 1682 ort
1858 1615 1896 1680 ab
1911 1617 1963 1680 illa
1977 1635 2069 1677 rouen

681 1731 799 1795 coruedr'
812 1733 938 1794 nimium
951 1755 1010 1796 oon
1026 1743 1169 1816 oportere.
1220 1733 1331 1798 Ueroor
1346 1735 1383 1799 do
1396 1737 1450 1799 ute·
1469 1738 1535 1800 uiro
1556 1759 1593 1801 oo
1609 1737 1684 1821 plur
1709 1737 1807 1800 ἀίεανη
1831 1757 1923 1820 qoam
1942 1755 1995 1798 uos
2017 1742 2071 1795 out

680 1851 807 1914 eoum
823 1861 875 1912 out
886 1853 972 1934 opud
985 1873 1038 1914 uos
1054 1857 1279 1918 commemorari
1291 1855 1400 1919 ueldri:
1422 1867 1603 1939 quopropter
1616 1855 1669 1919 doc
1684 1855 1798 1924 (Eoum,
1821 1873 1987 1935 numquam
2008 1851 2070 1913 eius

681 1971 885 2034 ouctorr'txtom
899 1972 1023 2034 onimium
1043 1973 1149 2046 ualere
1170 1975 1253 2037 cuiue
1266 1976 1455 2058 pnedorrtcm
1471 1974 1603 2058 populus
1619 1973 1777 2036 Romanus
1798 1973 1831 2034 in
1851 1969 1997 2040 cadeudo,
2011 1987 2070 2030 ron

682 2088 715 2151 r'n
728 2087 901 2170 decipiendo
914 2091 1096 2172 perspecere
1110 2093 1171 2154 ete.
1200 2088 1270 2154 Hoc
1284 2089 1364 2167 loco,
1380 2093 1416 2153 ut
1431 2089 1568 2153 minores
1583 2087 1737 2170 quosdam
1753 2107 1806 2152 res
1821 2087 1977 2162 omittam,
1992 2081 2070 2146 mihi

683 2223 826 2268 summus
847 2205 1059 2302 interpretum
1082 2227 1173 2270 error
1194 2207 1226 2270 in
1250 2227 1288 2270 ec
1310 2219 1456 2271 uersatus
1472 2227 1549 2284 ,esse
1572 2206 1716 2283 uidetur,
1746 2203 1830 2286 quod
1853 2203 1956 2268 uerba
1976 2199 2070 2264 haec:

681 2323 914 2390 decorarent·
927 2327 994 2388 urio
1010 2347 1046 2390 roc
1057 2327 1127 2409 plur
1142 2325 1239 2390 dicam
1253 2349 1344 2410 poam
1359 2347 1415 2390 uos
1429 2339 1481 2390 out
1496 2329 1627 2390 emtione
1649 2337 1704 2388 oret
1719 2325 1804 2408 opud
1829 2345 1885 2386 uos
1898 2339 2071 2386 commum·

682 2444 749 2505 rori
761 2443 862 2515 uelitis,
877 2461 896 2504 e
911 2439 952 2504 M.
969 2441 1074 2506 Tullio
1089 2443 1129 2506 ad
1152 2447 1397 2525 recuperatores
1418 2445 1574 2506 conuerso
1597 2441 1686 2506 dieto
1706 2461 1776 2506 esse
1796 2437 2069 2502 existimauerunt

684 2556 776 2636 Quod
792 2557 819 2622 si
833 2558 879 2621 ite
894 2556 1015 2622 fectum
1031 2578 1101 2624 esse
1115 2560 1295 2638 statuimus,
1311 2560 1422 2640 inepta
1433 2559 1537 2622 oratio
1550 2563 1643 2622 esset.
1658 2559 1721 2622 nisi
1736 2564 1812 2621 ante
1823 2578 1929 2622 uereor
1943 2550 2071 2633 negotio

682 2681 871 2760 poneretur,
895 2695 991 2757 quem
1011 2676 1080 2740 fere
1102 2693 1211 2741 omnes
1233 2677 1425 2757 interpretes
1447 2695 1530 2740 nuno
1551 2675 1762 2740 adiiciendum
1778 2695 1849 2738 esse
1865 2673 2072 2756 putauerunt.

684 2813 878 2878 quemquam
907 2794 1051 2859 inlibris
1073 2795 1320 2876 manuscriptis
1343 2793 1465 2856 nullum
1493 2795 1560 2858 eius
1590 2795 1679 2860 noeis
1701 2792 1882 2874 uestigium¹
1899 2787 2072 2853 inuenitur.

589 2927 593 2936 '
683 2911 784 2977 Recte
806 2931 885 2975 uero
901 2931 936 2974 se
959 2911 1067 2976 omnin
1082 2911 1214 2987 hebent,
1236 2911 1264 2974 si
1282 2911 1344 2976 hoe
1359 2911 1540 2988 statuimus,
1557 2911 1742 2976 Ciceronem
1758 2909 1869 2978 eodem
1887 2907 1955 2972 fers
1970 2903 2073 2980 modo,

687 3049 750 3116 quo
765 3029 850 3096 iufra
864 3031 945 3112 §.79.
955 3027 1111 3112 loquitur:
1132 3031 1444 3116 erorrpormoprom
1459 3033 1539 3096 ior'tr'e
1553 3056 1573 3096 o
1587 3033 1669 3098 nobie
1683 3035 1822 3113 pretium,
1838 3051 1931 3116 quum
1941 3049 2008 3092 oum
2018 3047 2071 3086 ou·

687 3163 794 3242 ctorem
804 3161 917 3214 metrae
923 3149 1102 3236 defensionis
1109 3173 1168 3216 esee
1175 3151 1277 3227 noer,
1290 3148 1369 3212 bueo
1378 3167 1505 3238 quoque
1518 3149 1619 3230 uerba
1629 3149 1671 3214 nd
1680 3150 1753 3214 Sex.
1763 3147 1931 3212 Aebutium
1943 3145 2074 3223 eiusque

687 3267 806 3332 amicos
822 3275 918 3351 atque
935 3266 1110 3332 aduocatos
1126 3287 1316 3332 conuersum
1339 3263 1460 3331 dicere:
1493 3251 1606 3335 Horror
1624 3272 1660 3335 do
1679 3253 1817 3335 toli'uiro
1831 3293 1868 3335 ne
1882 3271 1953 3356 plue
1975 3269 2075 3332 dicem

686 3409 778 3474 orrum
798 3409 855 3452 uos
876 3399 928 3452 oret
948 3391 1084 3454 omento
1103 3401 1156 3453 orn
1177 3391 1262 3474 opud
1283 3412 1338 3452 uor
1360 3394 1586 3456 commemorari
1605 3392 1712 3456 celion
1759 3387 1851 3462 Quod
1874 3387 1901 3449 si
1916 3385 1962 3458 fit,
1985 3393 2075 3449 reete

685 3505 814 3588 negatio
830 3505 930 3568 abest.
962 3505 1056 3568 ‘Nem
1073 3526 1109 3570 re
1125 3525 1204 3568 uera
1220 3503 1333 3570 Cicero
1349 3507 1455 3570 uereri
1470 3505 1611 3571 debebat
1632 3525 1672 3570 ne
1688 3505 1728 3570 de
1744 3506 1779 3569 C.
1795 3503 1920 3587 Aquilio
1937 3503 2073 3567 ornatis·

686 3623 767 3688 simo
783 3623 852 3686 uiro
867 3622 939 3705 plus
955 3622 1077 3686 diceret
1084 3643 1180 3706 quem
1188 3621 1261 3688 Sex.
1270 3623 1426 3690 Aebutius
1442 3629 1475 3688 et
1489 3625 1527 3704 ei,
1544 3623 1599 3706 qui
1614 3623 1656 3690 nb
1670 3621 1739 3688 eius
1753 3629 1846 3705 perte
1862 3621 2001 3699 fuerunt,
2012 3619 2074 3684 dici

685 3741 817 3820 uellent,
838 3741 1028 3824 praesertim
1044 3761 1140 3824 quum
1157 3741 1224 3806 eius
1246 3742 1471 3808 auctoritatem
1490 3743 1524 3808 in
1547 3743 1607 3806 hcc
1631 3742 1703 3824 ipss
1726 3761 1825 3804 causo
1850 3739 2075 3822 interpositam

685 3861 874 3926 imminuere
893 3859 948 3924 isti
964 3860 1141 3924 studerent
1171 3859 1205 3924 Si
1221 3861 1333 3925 Cicero
1344 3860 1494 3945 deinceps
1507 3863 1556 3926 ite
1570 3861 1677 3943 pergit
1691 3859 1810 3928 diceret
1826 3871 2009 3944 quopropter
2023 3859 2076 3922 too

687 3979 1378 4063 dr'commumqucmoiucoocton’rotomrimr'cm
1387 3981 1498 4054 unior,
1509 3983 1591 4044 cuiue
1605 3983 1675 4055 eto,
1690 3977 1806 4059 quibus
1821 3977 1930 4042 uerbis
1945 3975 2077 4039 simulat

687 4095 923 4161 semiunciam
943 4094 1100 4158 dicturum
1122 4115 1192 4160 esse
1212 4117 1308 4178 quem
1329 4095 1435 4161 dicere
1454 4117 1551 4182 posse
1574 4095 1780 4160 uideatur-
1795 4113 1869 4158 nam
1889 4096 1944 4158 doe
1962 4094 1995 4158 in
2018 4093 2077 4156 heo

688 4213 848 4278 sententie
861 4212 932 4280 fere
948 4219 998 4279 est
1012 4213 1096 4278 idem
1109 4213 1196 4297 quod
1211 4216 1268 4280 too
1283 4227 1398 4280 tortum
1414 4253 1463 4294 -,
1490 4222 1597 4280 temen
1617 4215 1680 4280 hoe
1704 4211 1912 4278 obtinendum
1928 4219 1992 4288 est,
2009 4209 2077 4275 eius

687 4332 948 4398 meditationem
964 4331 1227 4398 dissimulationis
1250 4353 1495 4417 saepenumero
1511 4334 1552 4398 eb
1568 4332 1748 4398 oratoribus
1770 4331 1843 4396 eliis
1858 4352 1984 4414 quoque
1998 4329 2077 4394 loeis

689 4472 761 4517 esse
774 4458 974 4536 usurpatam,
989 4459 1033 4531 ut,
1050 4451 1146 4516 etism
1164 4453 1190 4516 si
1206 4473 1371 4526 maxumas
1392 4453 1568 4536 cuiuspiam
1590 4451 1704 4518 laudes
1719 4451 1953 4534 praedicerent,
1969 4455 2077 4512 tamen

687 4569 890 4652 fingerentse
902 4572 1006 4638 minus
1015 4571 1130 4648 dioere,
1142 4591 1237 4653 quem
1250 4570 1420 4636 dicendum
1432 4592 1504 4636 esse
1515 4571 1689 4636 uideretur.
1705 4569 1944 4654 Negotioigitur
1956 4585 2078 4634 summo

689 4687 759 4752 iure
774 4693 850 4752 ante
864 4689 998 4754 uerbum
1013 4714 1116 4758 uereor
1131 4689 1164 4754 in
1179 4689 1270 4754 libris
1285 4689 1374 4754 nulla
1389 4691 1531 4773 ascripto
1547 4694 1605 4754 est.

779 4811 808 4888 ξ.
827 4813 875 4872 79.
899 4812 950 4874 est
962 4808 996 4872 in
1010 4807 1102 4874 libris
1117 4808 1262 4872 omnibus
1277 4809 1447 4890 seriptum:
1475 4809 1611 4874 omroibue
1633 4811 1762 4894 qnodque
1781 4808 1876 4873 uerbo)
1896 4819 1994 4870 adum
2006 4827 2077 4887 pro·

692 4933 914 5015 certorumque
928 4933 979 5003 sit,
996 4929 1052 4992 sed
1068 4927 1168 4991 critici
1184 4931 1291 4992 temen
1313 4947 1423 4991 omnes
1436 4946 1521 4992 nunc
1535 4924 1720 4990 ediderunt:
1755 4923 1924 5003 QUIBUS
1947 4921 2078 5002 QUID-
