4880 6538
817 1178 1015 1240 Nicotaus
1037 1179 1284 1238 NI'I'ZULESGU

359 1271 445 1326 natus
474 1268 523 1326 dio
545 1266 632 1324 XIX.
657 1283 747 1323 nicos.
775 1265 856 1342 Sept.
885 1283 910 1322 a.
938 1264 1099 1322 XXXVII.
1126 1264 1340 1335 Bordussauis‚
1370 1263 1402 1321 in
1432 1263 1541 1339 oppido
1569 1283 1661 1340 paruo
1687 1262 1745 1320 Va·

359 1349 488 1424 luchiae,
516 1352 685 1410 litterarum
710 1350 856 1408 elementa
876 1353 912 1409 ab
935 1350 1001 1422 ipso
1021 1355 1105 1426 patra
1126 1351 1236 1408 Ioanne
1258 1347 1432 1408 Nitaulescu
1452 1350 1627 1427 presbytero
1649 1369 1743 1426 usqua

357 1441 395 1496 ad
411 1438 517 1496 aetatis
537 1455 646 1494 anuum
661 1435 766 1494 XIIII.
784 1437 921 1506 edoctus,
944 1435 977 1492 in
1001 1433 1193 1494 seminarium
1216 1425 1451 1510 ecclesiasticum
1471 1435 1743 1512 Metropolitanum,

359 1524 441 1600 quod
456 1521 640 1580 Bucaresoiis
655 1526 716 1593 est,
733 1529 762 1578 at
777 1522 863 1579 annis
878 1521 953 1578 IIII.
969 1520 1135 1578 interiectis
1157 1521 1189 1577 in
1209 1519 1396 1596 gymnasium
1414 1519 1458 1576 Sti
1475 1521 1569 1578 Sabae
1584 1521 1622 1600 ‚in
1638 1523 1742 1578 eadem

358 1611 431 1668 urbe
447 1613 584 1684 receptus
600 1611 660 1678 ast,
677 1606 729 1664 ubi
746 1605 855 1664 litteris
872 1605 987 1664 Latinis
1009 1611 1039 1664 et
1056 1605 1177 1664 Graecis
1199 1613 1228 1664 et
1243 1604 1474 1679 Francogallicis
1497 1606 1672 1682 artibusque
1696 1605 1740 1664 in-

357 1694 462 1768 genuis
478 1713 596 1770 operam
613 1687 705 1751 dedit.
729 1691 846 1757 Quibus
861 1691 893 1750 in
910 1691 1018 1750 studiis
1031 1711 1121 1768 quum
1138 1711 1193 1767 per
1203 1690 1337 1748 annosV.
1351 1697 1486 1748 uersatus
1499 1695 1593 1762 esset,
1609 1691 1742 1767 Lipsiam

358 1781 507 1856 proiectus
530 1783 589 1850 est,
611 1785 644 1836 ut
664 1777 831 1850 theologiae
852 1777 985 1836 studium
1007 1775 1040 1834 in
1061 1775 1260 1834 uniuersitate
1282 1777 1448 1834 litterarum
1471 1775 1581 1836 coleret
1592 1821 1601 1850 ‚
1625 1779 1661 1836 de
1685 1796 1742 1852 quo

358 1866 459 1923 studio
475 1865 564 1923 etiam
580 1863 680 1922 ordini
695 1861 903 1936 theologorum
926 1861 1104 1936 grauissimo
1125 1862 1271 1922 rationem
1293 1862 1336 1920 ita
1357 1861 1505 1932 reddidit,
1530 1867 1564 1920 ut
1587 1861 1652 1921 eius
1667 1863 1738 1921 dili·
1784 1869 1788 1874 '

359 1951 460 2026 gentis
474 1967 507 2007 ac
522 1949 658 2008 doctrina
673 1949 705 2006 in
721 1949 861 2006 maiorem
878 1949 998 2006 modum
1015 1949 1201 2023 probaretur.

842 2081 1046 2141 ALFREDUS
1070 2081 1250 2141 BLUEGEL

358 2174 445 2227 uatus
475 2171 522 2226 est
548 2167 750 2225 Miihlhemiae
780 2168 809 2225 d.
830 2166 879 2224 VI.
908 2187 1000 2224 mens.
1022 2167 1098 2225 Nou.
1132 2185 1157 2223 a.
1184 2165 1296 2224 XLIH.
1323 2171 1406 2243 patre
1432 2165 1584 2224 Friderico
1611 2165 1744 2240 Bluagel,

358 2261 451 2313 matre
462 2254 591 2312 Henrioa
604 2272 619 2310 e
631 2261 718 2327 gente
730 2253 937 2326 Eulenbergia.
959 2253 1120 2328 Postquam
1132 2252 1299 2310 litterarum
1312 2253 1458 2310 elementa
1473 2252 1589 2323 didicit,
1608 2271 1744 2328 progym-

358 2339 474 2397 nasium
490 2339 603 2415 patriae
613 2338 750 2396 'ciuitatis
767 2337 985 2414 frequentauit,
1003 2338 1113 2396 deinde
1130 2337 1282 2394 Coloniam
1304 2339 1413 2396 missus
1433 2338 1465 2395 in
1482 2337 1612 2396 scholam
1634 2337 1744 2394 realem

358 2425 448 2501 primi
477 2423 592 2482 ordinis
620 2424 723 2500 ibique
750 2423 930 2481 maturitatis
958 2423 1161 2481 testimonium
1191 2423 1363 2499 inpetrauit.
1419 2423 1536 2480 Deinde
1561 2429 1742 2480 mercaturae

358 2510 516 2586 conplures
532 2528 625 2566 annos
642 2527 760 2585 operam
774 2509 905 2566 nouauit.
944 2508 1019 2566 Tum
1034 2508 1269 2581 Heidelbergam·
1292 2527 1323 2566 so
1347 2509 1489 2579 contulit,
1513 2513 1548 2565 ut
1563 2508 1695 2565 chemise
1712 2505 1744 2564 in

358 2595 556 2654 uniuersitate
572 2594 740 2651 litterarum
755 2613 874 2670 opernm
890 2599 1029 2664 nouerat,
1057 2612 1115 2668 quo
1131 2593 1164 2650 in
1184 2595 1286 2652 studio
1302 2595 1441 2664 Bunsen,
1459 2593 1623 2664 Kirehhoffi
1640 2593 1742 2650 Erlcn·

357 2699 467 2758 meyer,
488 2679 582 2750 Blum,
602 2681 757 2736 Leonhard
773 2677 838 2737 eius
854 2685 1060 2754 praeceptores
1076 2678 1205 2737 fuerunt
1237 2681 1316 2738 Hinc
1332 2679 1478 2754 'liguram
1495 2678 1644 2756 proiectus
1660 2678 1739 2736 eius·

358 2785 416 2842 qua
430 2766 463 2823 in
478 2767 581 2824 eadem
597 2765 756 2841 disciplina
778 2764 912 2838 magistri
937 2765 1072 2834 luerunt,
1094 2764 1247 2834 eleusius,
1271 2765 1441 2834 Staedcler,
1467 2766 1635 2838 Kanagott‚
1657 2764 1744 2840 Frey,

357 2851 490 2921 Visohor,
508 2849 619 2924 Bolleg.
656 2851 715 2908 Sex
729 2850 881 2908 mensibus
903 2849 948 2906 ibi
971 2849 1083 2907 exactis
1107 2849 1278 2908 Berolinum
1301 2850 1458 2924 migrauit,
1484 2855 1518 2908 ut
1539 2849 1583 2907 ibi
1610 2847 1742 2906 ohemiae

359 2937 503 3012 practicae
518 2941 549 2994 at
563 2936 745 2994 theoreticae
760 2935 905 3012 auspiciis
922 2934 1045 3012 ltnoyeri
1061 2953 1181 3010 operam
1197 2937 1291 2996 daret.

884 3069 1018 3129 BRUNO
1042 3071 1210 3128 KNEISEL

358 3161 446 3214 natus
461 3160 507 3213 est
522 3157 550 3212 d.
566 3155 667 3212 XXX.
688 3155 799 3212 mensis
820 3155 899 3231 Sept.
918 3173 942 3212 a.
962 3155 1025 3212 XI..
1048 3155 1081 3212 in
1105 3156 1171 3212 uico
1194 3157 1356 3230 Niemberg
1374 3174 1466 3232 prope
1489 3155 1579 3214 Hales
1600 3155 1669 3227 sito,
1693 3155 1744 3212 uhi

357 3241 462 3318 primis
483 3241 651 3298 litterarum
675 3239 831 3299 elementis
854 3239 1027 3312 amagistro
1049 3240 1113 3298 ludi
1136 3240 1245 3311 niceni,
1266 3241 1369 3315 lingua
1390 3241 1497 3298 Latina
1519 3245 1637 3316 epatre
1660 3240 1745 3299 uerbi

359 3327 457 3385 diuini
480 3327 617 3384 ministro
643 3326 781 3384 eruditas
802 3331 855 3384 est.
886 3329 988 3382 Annos
1003 3325 1059 3382 XI.
1076 3331 1163 3383 natus
1186 3327 1304 3384 scholae
1320 3326 1443 3383 Latinae
1465 3326 1592 3384 Halensi
1614 3325 1744 3384 traditus

359 3419 414 3482 est,
432 3431 490 3488 qua
504 3421 645 3470 autumno
661 3431 688 3468 a.
699 3410 764 3468 LX.
780 3410 885 3468 relicta
900 3410 1104 3468 constituitis
1119 3411 1316 3470 uniuersitate
1333 3411 1503 3469 litterarum
1518 3411 1645 3469 Halsnsi
1661 3413 1743 3469 theo·
1824 3401 1842 3418 ‘

359 3499 456 3570 logias
471 3504 501 3555 et
515 3497 698 3574 philologiae
715 3496 814 3554 audio
831 3515 862 3554 se
879 3497 997 3554 dedere.
1028 3499 1072 3553 Ao
1086 3496 1214 3572 prImum
1231 3498 1353 3574 quidem
1370 3495 1537 3570 theologiae
1554 3496 1742 3572 potissimum

360 3583 506 3653 incubuit,
522 3603 591 3642 mox
606 3585 644 3640 ad
659 3581 865 3658 philosophiae
881 3581 1015 3640 studium
1031 3601 1062 3640 se
1078 3583 1171 3657 magis
1188 3583 1357 3660 applioauit.
1389 3585 1425 3640 A.
1439 3581 1552 3640 LXIII.
1568 3581 1660 3640 Halae
1676 3581 1745 3638 reli·

361 3669 426 3744 quit
447 3675 477 3724 et
491 3667 664 3724 Berolinum
681 3687 712 3725 se
728 3667 862 3724 contulit.
895 3671 1014 3724 Annum
1029 3666 1073 3723 ibi
1089 3669 1259 3726 studiorum
1275 3687 1364 3728 causo
1379 3673 1517 3726 uersatus
1534 3667 1624 3725 Helas
1639 3665 1742 3739 rediit,

360 3760 393 3812 ut
408 3753 536 3810 docendi
551 3753 704 3810 facultatis
719 3769 842 3809 examen
854 3749 1030 3822 absolueret,
1048 3768 1105 3826 quo
1119 3754 1255 3812 absoluto
1268 3771 1368 3812 mensa
1378 3752 1477 3828 Aprili
1493 3771 1518 3810 a.
1529 3752 1619 3811 LXV.
1631 3751 1744 3826 collega

360 3839 535 3914 paedagogii
550 3838 627 3911 regii
642 3837 783 3896 Halensis
797 3837 893 3894 foetus
909 3842 963 3894 est.

583 3990 759 4050 IOANNIIS
782 3989 989 4050 ROBERTUS
1011 3988 1269 4050 ADALBER'IUS
1291 3989 1504 4048 ROSALSKY

361 4087 448 4136 natus
470 4079 499 4136 d.
522 4077 611 4136 XIII.
630 4095 723 4134 mens.
741 4076 804 4134 Oct.
827 4095 852 4136 a.
876 4076 1003 4140 XXXV.
1027 4075 1152 4145 Godani,
1172 4081 1255 4152 patre
1275 4075 1388 4134 Ioanne
1404 4074 1569 4152 Theophilo
1590 4073 1745 4151 Rosalshy‚

362 4171 453 4222 matre
465 4163 603 4222 Carolina
618 4183 633 4220 e
648 4169 735 4235 gente
745 4161 911 4236 Wagneria,
927 4181 980 4238 per
995 4167 1107 4237 septem
1124 4161 1185 4218 iere
1197 4179 1291 4218 annos
1301 4161 1381 4220 domi
1394 4161 1537 4220 educatus
1553 4163 1583 4219 et
1598 4159 1744 4227 eruditus,

361 4255 424 4308 tum
440 4249 472 4306 in
488 4249 677 4324 disciplinam
692 4248 839 4324 gymnasii
858 4247 1043 4306 Gatianensis
1059 4245 1189 4304 traditus
1205 4253 1258 4316 est,
1280 4246 1312 4304 ia
1329 4264 1387 4321 quo
1405 4249 1524 4324 praeter
1538 4245 1636 4321 ipsum
1653 4248 1745 4302 recto·

361 4353 424 4392 rem
440 4334 505 4390 cias
520 4333 667 4410 gymnasii
683 4334 715 4392 F.
733 4334 768 4391 G.
785 4332 1047 4406 Engelbrachtium
1069 4331 1253 4408 professores
1268 4332 1457 4407 Marquardt,
1474 4333 1606 4407 Roeper,
1622 4329 1742 4398 Hirsoh,

361 4421 575 4478 Foerstemann
597 4439 663 4478 enm
684 4420 856 4476 docuerunt
894 4417 1028 4484 Quorum
1051 4417 1205 4475 hominum
1221 4415 1461 4476 doctissimorum
1483 4415 1565 4474 uaria
1587 4433 1621 4472 aa
1636 4413 1741 4472 multi·

361 4504 434 4582 plici
448 4504 583 4562 doctrine
599 4523 690 4580 quum
705 4504 749 4562 ita
771 4503 817 4562 uti
839 4503 942 4573 uellet,
959 4509 993 4562 ut
1007 4521 1109 4562 omnes
1125 4502 1277 4560 doctdnao
1292 4506 1391 4578 partes
1406 4501 1471 4577 pari
1486 4501 1574 4558 modo
1598 4498 1744 4575 pernosti·

362 4595 454 4664 garet,
479 4589 636 4648 immatura
657 4589 751 4666 patris
773 4588 880 4664 optimi
905 4595 1000 4646 morte
1021 4594 1138 4647 coactus
1161 4591 1221 4655 est,
1245 4592 1279 4645 ut
1297 4588 1465 4646 studiorum
1485 4587 1606 4643 modum
1627 4584 1745 4658 exiguis

362 4676 473 4750 finibus
495 4675 750 4736 circumscriberet
771 4673 900 4748 aliisque
923 4672 1092 4749 disciplinis
1115 4674 1318 4731 tantummodo
1334 4671 1498 4747 perstrictis
1513 4671 1546 4730 in
1564 4671 1745 4729 Graecorum

363 4761 491 4819 maxime
507 4763 538 4819 et
552 4761 727 4818 Latinorum
744 4759 853 4836 scripte
878 4758 1112 4818 concluderetur.
1144 4759 1269 4816 Coactus
1291 4757 1371 4816 enim
1394 4763 1440 4816 cst
1458 4757 1579 4833 inopia,
1603 4755 1745 4832 quoniam

364 4849 487 4905 matrem
511 4847 653 4922 optimam
672 4846 705 4904 in
729 4845 904 4904 sustinenda
929 4845 1053 4904 fratrum
1077 4862 1272 4920 sororumque
1295 4846 1368 4902 natu
1383 4842 1531 4902 minorum
1554 4861 1624 4902 cura
1644 4842 1744 4900 leuare

363 4931 471 5005 uoluit,
487 4935 522 4991 ut
538 4951 624 4992 omne
638 4931 701 4990 fere
716 4933 842 5007 tempus,
860 4949 918 5006 quo
935 4949 952 4988 a
967 4929 1078 4989 scholis
1094 4931 1231 5000 uacabat,
1247 4928 1281 4988 in
1295 4928 1500 4988 instituendis·
1511 4927 1613 5006 pueris
1638 4945 1743 4986 oonsu-
