4880 6538
1158 985 1617 1056 --10..-..

687 1180 801 1244 etiam
816 1180 920 1261 magis
942 1201 979 1244 eo
996 1182 1207 1262 conuincitur,
1224 1184 1311 1266 quod
1325 1184 1358 1248 in
1375 1184 1485 1250 codice
1501 1185 1736 1269 Tegerneeensi
1749 1185 1905 1270 scriptum
1921 1191 1972 1252 est
1987 1187 2090 1273 confer

702 1315 763 1354 aaa
777 1293 885 1362 metect,
901 1311 967 1372 qua
981 1311 1016 1356 re
1032 1291 1128 1374 plane
1145 1293 1284 1358 efficitur
1299 1293 1333 1358 in
1354 1293 1464 1360 codiee
1485 1295 1661 1379 archetypo
1682 1295 1782 1360 fuisse
1803 1293 1881 1360 olim
1904 1293 2087 1360 CONFER-

703 1399 957 1464 UNAMEICEI.
989 1399 1067 1478 Quis
1083 1402 1183 1484 igitur
1197 1403 1261 1468 iarn
1277 1403 1440 1470 dubitabit
1455 1404 1533 1487 quin
1555 1405 1692 1470 molesta
1711 1425 1775 1468 uox
1795 1429 1857 1468 aaa
1872 1404 2011 1470 delenda
2025 1405 2089 1470 sit't
2202 1473 2208 1488 ‚

789 1509 986 1592 O.1X.§.25.
1001 1511 1034 1574 in
1047 1511 1242 1578 editionibus
1254 1514 1410 1578 nunchoc
1421 1513 1554 1596 legitur:
1570 1519 1606 1580 dc
1620 1539 1651 1582 rc
1666 1527 1762 1582 aman
1777 1517 1829 1580 doc
1840 1515 2005 1602 praecidat,
2020 1519 2088 1584 Aa·

629 1699 632 1708 A
702 1620 793 1685 atrato
808 1621 928 1684 Aebutii
946 1643 1033 1686 seruo
1047 1625 1209 1708 inperare,
1230 1638 1263 1690 ut
1280 1627 1312 1688 ia
1338 1623 1492 1690 Caecinam
1512 1628 1711 1692 odrrcnicntam
1734 1651 1801 1690 cum
1821 1628 1904 1706 ferro
1924 1627 2090 1700 inuaderet,

704 1751 763 1794 neo
785 1751 844 1813 per
865 1751 904 1795 se·
920 1729 1001 1795 haec
1022 1731 1185 1815 scriptura
1199 1732 1283 1798 falsa
1303 1741 1366 1800 est:
1392 1735 1452 1830 sed
1475 1755 1575 1818 quum
1594 1735 1627 1800 in
1643 1735 1753 1800 codice
1775 1735 2012 1817 Tegernseensi
2026 1755 2087 1819 pro

702 1837 788 1906 serra
802 1845 950 1928 inperaret
972 1839 1101 1924 legatur
1123 1867 1225 1908 reram
1243 1848 1416 1932 inpetrasse,
1434 1844 1531 1910 credo
1552 1866 1611 1929 ogo
1632 1867 1745 1910 uerum
1760 1845 1882 1910 uidisse
1898 1845 2088 1928 raynerum,

704 1951 759 2034 qui
774 1951 849 2016 inde
865 1950 991 2016 effecit:
1007 1975 1092 2018 rano
1107 1975 1138 2017 ra
1153 1956 1313 2040 inperaret.

789 2061 905 2144 (ΧΗ.
916 2066 965 2126 27.
981 2083 1084 2146 nuper
1099 2063 1249 2130 Baiterus
1263 2064 1426 2130 Ciceronis
1440 2065 1544 2130 locum
1559 2066 1605 2130 sic
1621 2065 1802 2132 constituit:
1820 2067 1858 2130 Α.
1871 2067 1978 2132 ,tata
1990 2077 2019 2130 et
2030 2069 2091 2130 riae

635 2173 649 2196 ’
696 2173 783 2259 filias
799 2174 838 2236 L.
853 2174 963 2238 Actt'aa
981 2184 1010 2236 et
1033 2187 1163 2239 armatos
1177 2177 1222 2239 iti
1238 2177 1331 2254 faisse
1351 2188 1377 2240 et
1395 2199 1424 2241 aa
1443 2200 1510 2240 auos
1530 2201 1629 2242 cemos
1647 2177 1806 2242 arldan'eac
1826 2177 1980 2250 do'aeruaa·
2003 2178 2089 2242 etiam

702 2285 757 2348 boc
771 2286 917 2368 amplius:
931 2308 997 2349 cum
1011 2285 1153 2348 Aetates
1168 2283 1310 2350 Caecinae
1324 2287 1435 2348 malam
1451 2290 1623 2358 minaretur,
1638 2289 1690 2350 lroc
1701 2299 1761 2359 eat,
1777 2298 1899 2350 mortem
1909 2289 2089 2362 minoretur,

702 2395 744 2458 iti
758 2408 820 2460 tum
839 2393 994 2459 Caecinam
1006 2396 1174 2479 podalaaca
1188 2407 1221 2458 ut
1234 2396 1363 2459 moribus
1378 2395 1510 2458 attractio
1518 2399 1617 2481 fieret.
1640 2396 1710 2458 Hoc
1724 2398 1802 2460 idem
1819 2395 1856 2458 P.
1863 2395 1993 2460 Reatina
2009 2397 2092 2470 dicit,

703 2516 732 2570 ct
747 2527 781 2570 eo
793 2505 923 2574 libautac
935 2506 1018 2580 dr'rit,
1034 2516 1066 2568 ut
1076 2505 1176 2590 aliquio
1188 2508 1219 2568 ia
1235 2505 1344 2570 iudicio
1356 2508 1416 2570 aaa
1428 2509 1589 2570 trainam
1606 2505 1747 2572 creditam
1761 2517 1935 2591 mutaretur,
1950 2525 2090 2588 eumque

704 2615 803 2679 etiam
818 2615 983 2698 Kayserus
999 2620 1129 2680 secutus
1145 2618 1204 2694 est,
1224 2615 1286 2680 nisi
1302 2615 1389 2698 quod
1404 2615 1519 2680 uerba:
1540 2618 1593 2680 boc
1607 2628 1648 2682 at
1661 2627 1786 2682 mortem
1808 2618 1984 2690 canaam,
1998 2615 2090 2680 uncis

705 2723 927 2790 circumdedit.
959 2725 1059 2790 Plura
1083 2732 1160 2790 sunt
1178 2725 1212 2789 in
1227 2725 1384 2804 hocloco,
1399 2725 1433 2790 in
1448 2727 1566 2808 quibus
1583 2747 1642 2808 ego
1659 2727 1700 2790 ab
1725 2723 1909 2790 hominibus
1930 2725 2090 2790 doctissu-

704 2835 765 2900 mis
782 2832 947 2899 dissentio.
969 2836 1016 2898 Ac
1031 2834 1172 2916 primurn
1187 2834 1319 2916 quidem
1333 2835 1367 2898 in
1382 2835 1532 2898 omnibus
1547 2835 1638 2898 libris
1653 2839 1785 2918 praeter
1796 2831 1941 2898 codicem
1948 2833 2090 2916 Tegern-

706 2963 853 3040 sconsam
881 2942 1001 3024 legitur
1030 2955 1056 3008 et
1085 2967 1115 3008 sc
1142 2965 1210 3007 eaor
1244 2956 1372 3008 amator
1409 2945 1589 3021 acrama,
1625 2943 1653 3008 is
1684 2948 1793 3008 autem
1822 2941 1907 3008 liber
1935 2942 2036 3010 habet
2065 2957 2092 3010 rt

703 3078 734 3120 re
767 3077 838 3118 eaor
873 3074 975 3118 aanor
1010 3053 1178 3147 adducebar.
1226 3052 1335 3117 Facile
1361 3052 1575 3136 intellegitur,
1604 3052 1661 3118 ubi
1695 3051 1762 3116 uim
1796 3057 1957 3118 armatam
1989 3053 2091 3118 fuisse

648 3227 657 3238 ,
705 3163 866 3246 quispiam
904 3162 1085 3242 contendit,
1119 3162 1165 3228 ibi
1200 3176 1366 3230 armatos
1400 3165 1590 3230 adductos
1624 3187 1700 3230 aare
1734 3162 1797 3228 dici
1837 3168 2091 3228 consentaneum

704 3294 790 3352 esse,
819 3274 930 3356 itaque
963 3273 1025 3338 boc
1053 3273 1190 3340 uerbum
1222 3287 1358 3340 amatos
1379 3295 1424 3340 eo
1459 3277 1566 3342 minus
1596 3273 1726 3362 uidetur
1768 3272 1941 3340 delendum
1978 3272 2089 3352 fuisse,

704 3385 808 3468 quod,
842 3385 939 3450 etiam
968 3385 996 3450 si
1024 3385 1093 3450 cod.
1124 3385 1375 3468 Tegernseensis
1408 3391 1558 3468 optumus
1588 3386 1682 3450 tostis
1713 3403 1812 3448 uerae
1845 3383 2027 3465 scripturae
2056 3383 2090 3448 in

664 3541 671 3553 -
707 3495 816 3560 multis
832 3495 911 3560 locis
927 3495 998 3560 iure
1012 3495 1162 3572 babetur,
1177 3501 1287 3560 tamen
1308 3494 1502 3576 aliquotiens
1524 3493 1623 3558 etiam
1642 3492 1710 3558 eius
1729 3491 1816 3556 modi
1835 3490 1940 3556 uerba
1959 3491 2090 3572 omittit,

571 3665 577 3678 ,
706 3627 788 3688 quae
798 3607 867 3670 sina
880 3604 1061 3670 sententiae
1074 3603 1268 3669 detrimento
1281 3603 1397 3668 abesse
1408 3621 1472 3668 non
1483 3607 1628 3685 possunt
1646 3600 1741 3679 Quod
1754 3621 1854 3684 quum
1865 3601 1913 3666 ita
1924 3601 1976 3679 sit,
1987 3601 2085 3666 credo

705 3735 763 3799 ego
783 3721 917 3800 propter·
944 3709 1181 3797 ὀμοιοτέλευτα
1204 3739 1287 3782 moe
1310 3737 1422 3781 aanor
1442 3725 1589 3780 armatae
1611 3718 1790 3778 extremam
1813 3711 1911 3778 istam
1927 3731 2041 3778 uocem
2056 3713 2091 3778 in

704 3825 759 3890 illo
774 3827 883 3890 codice
897 3827 1119 3890 oblitteratam
1136 3845 1215 3890 esse.
1235 3824 1329 3903 Quod
1342 3823 1547 3890 autemidenr
1558 3823 1613 3888 ille
1624 3823 1709 3888 liber
1718 3823 2022 3906 noncaoasoriptum
2033 3822 2091 3888 ha·

704 3934 770 4012 bet,
787 3936 845 4000 sed
860 3959 927 4000 acor
940 3959 1052 4011 cernor,
1067 3935 1102 3999 id
1117 3955 1177 4018 ego
1194 3934 1416 4017 accipiendum
1433 3933 1502 4000 sine
1516 3933 1585 3998 ulla
1595 3933 1800 4002 dubitatione
1811 3933 1981 3998 existumo.
2008 3933 2092 3997 Nam
2141 3993 2143 4002 ,
2223 3994 2237 4004 ,

706 4065 803 4127 quam
820 4043 915 4108 facile
930 4049 1006 4127 post
1024 4067 1093 4108 eaor
1114 4045 1220 4109 omitti
1242 4044 1387 4126 potuerit
1408 4064 1523 4122 canos,
1545 4042 1740 4125 praesertim
1764 4042 1793 4106 si
1811 4041 1845 4105 id
1870 4042 2008 4108 uerbum
2033 4062 2092 4126 per

705 4153 930 4238 compendium
944 4155 1013 4218 droa
1029 4159 1101 4218 erat
1116 4154 1281 4236 scriptum,
1296 4173 1361 4218 uon
1376 4159 1426 4218 est
1441 4152 1529 4236 quod
1544 4151 1659 4217 dicam.
1684 4151 1884 4236 Compendio
1899 4157 2009 4218 autem
2021 4149 2090 4232 eius

702 4264 792 4330 modi
807 4265 840 4329 id
856 4265 992 4330 uerbum
1011 4264 1168 4346 scriptum
1184 4263 1285 4329 fuisse
1305 4264 1338 4328 in
1354 4263 1518 4329 Ciceronis
1538 4263 1631 4328 libris
1651 4283 1690 4330 eo
1713 4262 1929 4346 intellegitur,
1951 4261 2039 4346 quod
2057 4262 2090 4328 in

656 4399 662 4414 ·
705 4379 906 4442 Accusationis
920 4376 975 4442 lib.
992 4374 1047 4440 ΠΙ.
1063 4379 1113 4453 98,
1130 4379 1218 4454 227„
1234 4375 1291 4440 ubi
1305 4375 1591 4460 acorum-smmum
1609 4375 1679 4440 sine
1699 4373 1798 4439 dubio
1819 4393 1934 4438 uerum
1953 4377 2016 4450 ost,
2031 4396 2090 4440 aar·

705 4511 812 4552 uorum
833 4489 988 4567 stratuum
1007 4487 1040 4552 in
1063 4491 1195 4570 optumo
1218 4485 1329 4550 codice
1349 4484 1636 4566 Lagomarsiniano
1652 4489 1693 4550 42
1720 4483 1850 4566 legitur.
1886 4483 1976 4561 Quae
1991 4503 2092 4566 quum

704 4596 752 4661 ita
767 4597 838 4676 sint,
854 4619 919 4662 non
934 4598 1047 4664 dubito
1063 4597 1141 4682 quin
1156 4615 1237 4662 uera
1248 4595 1343 4662 huius
1363 4595 1427 4660 loci
1450 4596 1613 4680 scriptura
1630 4595 1712 4660 baec
1732 4595 1787 4659 sit:
1810 4606 1839 4660 et
1853 4617 1884 4658 aa
1903 4616 1974 4660 auor
1992 4616 2092 4660 aanor

706 4719 842 4770 armatos
853 4712 1010 4774 addaram
1021 4709 1171 4784 dirarum,
1184 4704 1392 4772 conferantur
1400 4727 1484 4791 quae
1496 4706 1583 4774 infra
1591 4713 1639 4786 10,
1648 4711 1697 4772 30.
1706 4705 1860 4789 leguntur
1871 4705 1987 4772 uerba:
1999 4725 2092 4788 qaam

705 4817 797 4882 aedito
814 4855 908 4892 -‚-·
924 4841 994 4883 eaor
1008 4821 1089 4884 solor
1103 4842 1202 4884 aarum
1220 4829 1350 4883 amantor
1368 4819 1460 4897 faisse
1480 4819 1563 4883 aaa.
1586 4819 1743 4896 Alterum,
1759 4817 1792 4882 iu
1808 4836 1872 4900 quo
1894 4813 1972 4879 mihi
1992 4811 2091 4878 iidem

705 4927 753 4992 illi
768 4926 872 4992 critici
891 4949 955 4994 non
977 4928 1057 4994 satis
1080 4928 1243 5008 fecerunt,
1263 4927 1403 5006 honest,
1427 4926 1514 5011 quod
1536 4932 1673 5010 uterque
1688 4925 1806 4993 uerba:
1823 4928 1878 4990 tor
1893 4937 1942 5002 rat,
1965 4935 2094 5019 mortem.
