4880 6538
1171 969 1317 978 ---
1381 943 1635 1014 en*-

694 1132 854 1202 Persicam,
873 1133 1064 1232 hebraicam,
1082 1143 1252 1218 Arabicam,
1269 1148 1427 1224 Syriacam,
1445 1151 1597 1210 TurcIaam
1610 1154 1715 1210 ecdem
1730 1153 1792 1210 tere
1807 1171 1906 1210 amore
1925 1151 2092 1230 amplexum

695 1235 767 1286 esse,
782 1225 881 1274 tamen
897 1237 930 1276 rn
947 1229 1103 1295 posterum
1119 1231 1278 1303 profitetur
1290 1253 1322 1292 aa
1334 1236 1523 1310 potissimum
1535 1237 1655 1313 linguae
1666 1237 1802 1296 Persicae
1816 1257 1937 1315 operam
1946 1239 2092 1296 daturum.

886 1429 892 1440 .
939 1425 945 1436 ¹
970 1431 976 1444 .
1089 1353 1272 1419 canotus
1296 1363 1397 1422 OT'IO
1423 1363 1701 1425 SUESSENGUTH

617 1439 621 1448 ’
696 1431 783 1526 natus
799 1433 844 1484 est
859 1428 1016 1530 Ligntcpaa
1032 1436 1062 1491 d.
1072 1438 1139 1497 vll.
1153 1446 1373 1506 mensFebma.
1384 1449 1533 1509 XXXIX.
1550 1455 1634 1527 patre
1646 1450 1798 1528 LeopoIdo
1810 1450 2023 1524 Suessenguth,
2041 1449 2093 1526 qui

695 1531 728 1610 an
745 1517 1015 1609 munereturrdrco
1035 1521 1079 1580 ibi
1095 1531 1288 1604 uersabatur,
1311 1539 1342 1592 et
1357 1543 1449 1594 matre
1466 1539 1599 1610 Augusta
1615 1557 1630 1594 e
1645 1543 1734 1610 gente
1752 1535 1909 1595 Seiilertia.
1940 1540 2026 1592 Anno
2044 1535 2091 1592 LI.

696 1617 728 1656 rn
744 1615 952 1701 gymnasium,
970 1607 1053 1679 quod
1070 1609 1226 1686 Ligniciae
1243 1622 1305 1690 est,
1331 1621 1539 1678 Academicum
1562 1629 1697 1698 receptus
1713 1627 1743 1680 et
1758 1620 1903 1680 absolutis
1918 1621 1965 1678 his
1983 1619 2095 1678 studiis

698 1701 775 1740 anno
798 1681 907 1740 LIIII.
928 1686 1145 1756 bmtislauiam
1166 1703 1315 1778 proiectus
1337 1711 1397 1774 est,
1420 1709 1573 1766 utrarum
1588 1707 1768 1765 naturalium
1791 1705 1953 1780 cognitioni
1977 1723 2094 1782 operam

699 1769 795 1825 daret.
820 1767 1036 1846 Praeceptores
1061 1781 1089 1839 ei
1110 1783 1234 1846 luerunt
1249 1791 1399 1862 Behnsch,
1416 1791 1646 1864 Frankenheim,
1671 1794 1851 1862 Iunkmann,
1868 1791 2007 1864 Lcewig,
2021 1792 2096 1849 Mar·

698 1855 788 1923 bsssshr
806 1853 923 1930 Meyer,
943 1859 1088 1938 Roemer,
1105 1869 1256 1946 Schwarz,
1281 1879 1311 1934 ct
1330 1877 1361 1934 in
1383 1877 1647 1935 exercitationibus
1670 1878 1790 1954 quidem
1814 1877 1954 1935 chemicis
1970 1875 2094 1934 Loewis.

701 1943 839 1998 Albense
856 1939 982 2003 00I0bri
999 1967 1025 2006 a.
1044 1951 1158 2014 LXIII.
1175 1959 1310 2019 Berolini
1327 1963 1444 2020 adstitit
1465 1963 1497 2020 in
1520 1964 1784 2022 exercitationibus
1801 1963 1939 2021 chemicis
1956 1963 2094 2038 Baeyero.

1067 2083 1270 2150 Gustatus
1292 2090 1529 2149 THEODOIIUS
1553 2090 1740 2149 KOEHLER

703 2161 791 2252 natus
803 2173 828 2212 a.
841 2153 955 2216 XLIII.
966 2161 1097 2240 Grimae,
1112 2172 1163 2230 ubi
1178 2183 1260 2252 pater
1271 2175 1400 2234 director
1418 2175 1570 2234 seruinarii
1585 2175 1779 2253 paedagogici
1796 2175 1832 2232 de
1846 2175 1945 2232 schola
1957 2193 1989 2232 ac
2001 2171 2098 2250 patria

703 2247 814 2316 ⁰Pl¹¹¹1⁰
830 2251 973 2305 meretur·
1011 2251 1147 2326 Cognitis
1163 2260 1267 2334 primia
1290 2261 1455 2318 litterarum
1474 2261 1628 2318 clementie
1646 2262 1785 2318 lIoldauo
1800 2259 1949 2318 Grimensi
1966 2259 2096 2318 traditus

703 2335 749 2384 θεῖ
764 2345 864 2384 mentm
879 2331 975 2404 Aprili
993 2355 1018 2393 a.
1031 2340 1116 2414 etr,
1135 2365 1235 2404 mense
1252 2367 1322 2404 uero
1341 2347 1462 2404 Octobri
1478 2367 1503 2403 a.
1521 2346 1601 2403 LXI.
1618 2346 1747 2421 Lipsiam
1765 2345 1856 2414 uenit,
1878 2353 1912 2402 ut
1925 2343 2096 2418 theologiae

705 2432 824 2510 ⁰P⁰I⁰m
841 2413 943 2488 ‘Iuleis
968 2424 1022 2480 sed
1045 2433 1172 2498 ceteras,
1197 2432 1322 2489 maxime
1339 2431 1561 2507 philosophiae,
1585 2431 1760 2506 disciplinas
1778 2451 1838 2488 non
1854 2429 1994 2502 neglexit,
2015 2449 2097 2505 prae.

705 2509 808 2556 aerttrn
826 2518 919 2584 quum
937 2525 969 2564 ee
985 2511 1023 2567 ad
1041 2512 1206 2573 docendum
1231 2535 1317 2594 quam
1340 2519 1377 2574 ad
1394 2517 1627 2598 continuandum
1644 2517 1787 2593 aptiorem
1805 2536 1869 2572 esse
1889 2515 2095 2578 arbitraretur,

962 2637 1215 2704 THEOPIIILUS
1239 2645 1448 2704 EDUauuue
1473 2643 1694 2704 GUILELIIL'S
1722 2643 1853 2702 BacKE

706 2717 794 2772 nutus
817 2713 1024 2788 Itegiomontii
1045 2727 1077 2786 in
1101 2730 1240 2788 Bornesia
1263 2732 1313 2788 die
1330 2731 1396 2786 VII.
1414 2749 1505 2788 mene.
1531 2734 1601 2806 Apr.
1623 2750 1648 2787 a.
1665 2729 1830 2787 XXXIIII.
1856 2731 1938 2802 patre
1955 2725 2096 2783 Eduardo

707 2797 818 2869 Baelo,
852 2807 947 2863 matre
975 2809 1121 2872 Mathilda
1147 2835 1163 2872 e
1187 2823 1275 2888 gente
1303 2815 1432 2884 GoltzIa,
1464 2815 1569 2890 primis
1595 2815 1761 2873 litterarum
1790 2812 1945 2871 elementis
1971 2811 2097 2884 cognitis

706 2885 861 2959 gymnasio
889 2889 1094 2956 Fridericiano
1122 2901 1360 2974 Regiomontano
1388 2901 1515 2958 traditus
1545 2900 1648 2975 ibique
1680 2900 1812 2976 quinque
1839 2917 1932 2956 annos
1959 2897 2096 2954 eruditus

707 2979 762 3038 ⁰⁸I2
787 2981 892 3046 Ρθῦῐθὸ
915 2977 947 3036 in
970 2985 1157 3058 grmnasium
1179 2985 1342 3044 Sedinense
1368 3005 1386 3042 a
1405 2990 1504 3044 tutore
1526 3007 1579 3042 suo
1603 2986 1710 3044 ruissus
1731 2995 1784 3043 est
1830 2987 1865 3041 A.
1881 2982 1980 3042 LIIII.
2005 2981 2096 3039 Halae
2211 3017 2214 3024 =

710 3057 863 3116 Saxonum
880 3081 911 3119 se
928 3069 1063 3140 contulit,
1082 3079 1114 3130 ut
1129 3073 1298 3146 theologiae
1314 3079 1344 3130 et
1360 3071 1566 3148 philosophiae
1583 3091 1703 3148 operam
1720 3071 1813 3128 daret.
1843 3067 1971 3128 Biennio
1987 3075 2092 3126 exacto

709 3141 953 3216 Regiomontium
970 3155 1074 3227 rediit,
1093 3167 1127 3215 ut
1142 3157 1309 3234 theologiae
1326 3157 1460 3216 studium
1481 3158 1680 3228 continuaret,
1704 3158 1757 3216 sed
1777 3175 1868 3233 quum
1888 3174 1957 3212 mox
1979 3152 2096 3211 intelle·

710 3235 794 3302 geret
810 3249 841 3288 se
859 3231 1028 3298 ministerio
1046 3243 1244 3302 ecclesiastico
1260 3245 1358 3303 minus
1375 3243 1516 3302 idoneum
1528 3243 1599 3313 fore,
1617 3243 1780 3300 medicinae
1796 3241 1928 3298 studium
1945 3239 2097 3314 amplexus

710 3321 756 3372 est
771 3321 801 3372 et
816 3335 870 3392 per
882 3319 1038 3386 biennium
1050 3328 1082 3386 in
1095 3349 1195 3388 omnes
1207 3337 1306 3406 partes
1319 3329 1421 3388 coluit.
1446 3329 1521 3386 Turn
1533 3329 1659 3386 aduersa
1671 3329 1790 3386 fortuna
1802 3327 1867 3384 cias
1879 3325 1971 3382 index
1982 3323 2096 3398 digitus

711 3405 742 3460 et
756 3403 873 3462 medius
898 3428 1002 3470 manus
1018 3415 1141 3472 dextrae
1163 3413 1205 3472 ita
1219 3415 1294 3473 laesi
1309 3421 1387 3484 sunt,
1406 3415 1530 3470 utordo
1550 3414 1730 3472 medicorum
1756 3418 1889 3469 censeret
1909 3429 1977 3468 eum
1999 3409 2097 3466 minue

712 3485 853 3546 idoneum
870 3493 908 3549 ad
925 3496 1001 3554 hanc
1013 3509 1106 3556 artem
1121 3499 1263 3568 futurum,
1275 3501 1355 3576 quod
1368 3518 1415 3556 ars
1426 3498 1593 3572 chirurgica
1605 3503 1635 3556 et
1648 3497 1820 3554 obstetricia
1833 3517 1950 3554 manum
1964 3497 2097 3552 dextram

711 3571 825 3630 firmam
841 3579 1016 3652 requireret.
1052 3585 1156 3660 ltaque
1180 3587 1236 3644 hoa
1258 3584 1360 3644 studio
1382 3583 1487 3642 relicto
1508 3601 1599 3659 quum
1622 3591 1796 3658 consumpto
1812 3582 1902 3639 etiam
1917 3579 2094 3658 patrimonio

703 3677 805 3734 ⁸pacuc
832 3661 870 3718 de
897 3668 985 3724 rebus
1010 3669 1072 3726 suis
1094 3671 1282 3746 desperaret,
1307 3671 1339 3728 in
1360 3669 1457 3728 animo
1481 3669 1587 3728 habuit
1608 3675 1800 3728 mercaturam
1822 3668 1932 3738 iacere,
1955 3668 2008 3726 aed
2029 3685 2096 3722 mox

711 3743 864 3804 intellexit
879 3749 939 3806 sibi
958 3772 996 3810 ne
1013 3755 1067 3812 hac
1082 3757 1202 3832 quidem
1226 3757 1378 3831 negotium
1400 3755 1595 3814 satisfacere.
1628 3755 1722 3817 Quam
1745 3755 1782 3811 ob
1806 3773 1867 3811 rem
1884 3770 2095 3827 manusprae-
2180 3763 2184 3770 '

714 3831 843 3906 septaris
859 3834 1017 3896 domestici
1034 3841 1165 3918 suscepit
1180 3847 1211 3900 et
1225 3849 1309 3901 tanto
1324 3841 1426 3900 studio
1443 3861 1474 3900 se
1496 3841 1703 3917 paedagogicis
1726 3838 1895 3914 disciplinis
1912 3837 2040 3907 dicauit,
2064 3841 2098 3892 ut

713 3933 838 3974 examen
851 3922 933 3994 quod
944 3923 1057 3982 dicitur
1067 3946 1120 4002 pro
1132 3933 1280 3986 rectoratu
1291 3927 1387 3986 iacere
1397 3933 1497 4003 posset
1512 3931 1543 3983 et
1555 3928 1611 3982 hoc
1626 3931 1773 4000 superato,
1786 3929 1941 3999 postquam
1953 3923 1986 3980 in
1997 3921 2098 3978 schola

714 4001 799 4072 reaII,
815 4021 891 4079 quae
907 4010 953 4064 est
969 4009 1163 4078 Graudenzii,
1180 4013 1380 4088 praeceptoris
1395 4029 1503 4067 munus
1519 4009 1757 4078 administrauit,
1780 4007 1905 4066 alterum
1927 4007 2016 4065 etiam
2031 4025 2098 4064 exa·

715 4106 782 4145 men
799 4089 922 4162 subiret,
940 4109 998 4168 quo
1015 4093 1185 4154 facultatem
1201 4097 1232 4154 in
1249 4096 1357 4154 mediis
1373 4095 1518 4153 classibus
1534 4094 1663 4152 docendi
1678 4095 1804 4170 adeptus
1820 4097 1876 4150 est.

1138 4223 1293 4282 BARBUS
1315 4221 1662 4281 CONSTANTINESCU

716 4303 803 4357 natus
819 4303 865 4358 est
879 4302 930 4360 die
946 4304 1041 4362 XXV.
1059 4325 1150 4365 mens.
1161 4309 1230 4366 Dec.
1246 4307 1630 4378 a.xxxt'11.1>10ues0iis‚
1647 4308 1680 4365 in
1695 4306 1818 4364 ciuitate
1833 4303 2004 4374 Romaniae‚
2022 4321 2098 4379 quae

716 4385 954 4458 uolgoVaIuchia
970 4392 1143 4466 appellatur,
1160 4398 1190 4450 et
1205 4399 1361 4470 postquam
1376 4393 1481 4469 primis
1497 4393 1600 4450 aetatis
1616 4383 1702 4450 antiis
1717 4389 1960 4468 praeceptoribus
1977 4387 2098 4447 Graecis

716 4489 788 4528 rasus
804 4479 859 4542 est,
875 4473 907 4530 in
923 4475 1052 4533 scholam
1070 4478 1357 4554 archiepiscopalem,
1381 4499 1456 4555 quaa
1472 4479 1564 4537 estin
1581 4480 1653 4536 urbe
1670 4475 1921 4548 Bucareeciorum,
1938 4477 2025 4533 datus
2041 4481 2096 4542 cst,

716 4555 768 4612 ubi
785 4563 926 4631 quattuor
942 4579 1035 4618 annos
1051 4563 1087 4620 ad
1104 4564 1274 4637 theologiae
1290 4565 1422 4622 studium
1438 4585 1469 4623 se
1486 4565 1611 4641 parauit.
1647 4565 1703 4622 His
1726 4561 1835 4623 studiis
1851 4561 1996 4620 absolutis
2017 4578 2098 4633 gym-

716 4641 833 4698 nasium
851 4643 1090 4720 Bucareseienee,
1117 4651 1197 4725 quod
1214 4649 1260 4707 Sti
1277 4650 1370 4708 Sabae
1385 4652 1511 4723 dicitur,
1535 4650 1746 4728 frequentauit.
1777 4653 1864 4707 Anno
1880 4647 1970 4704 huius
1986 4643 2098 4701 sacculi

717 4725 799 4782 LXI.
816 4727 946 4804 Lipsiam
965 4751 996 4789 se
1013 4734 1156 4804 contulit,
1180 4739 1215 4793 ut
1230 4735 1413 4810 theologiae,
1429 4737 1653 4813 philosophiae,
1670 4735 1853 4812 philologiae
1869 4749 1987 4808 operam
2004 4729 2098 4785 daret.

717 4811 775 4870 IIIa
790 4813 996 4892 quinquennio
1018 4817 1080 4876 fere
1095 4821 1231 4878 absoluto
1247 4823 1285 4878 de
1300 4823 1409 4880 studiis
1430 4823 1492 4880 suis
1508 4823 1607 4879 ordini
1629 4821 1837 4894 theologorum
1856 4813 2033 4892 grauissimo
2056 4813 2097 4871 ita

718 4897 863 4957 rationem
879 4901 1023 4976 reddidit,
1039 4909 1074 4962 ut
1086 4905 1150 4965 nius
1166 4907 1325 4982 diligentia
1336 4913 1366 4966 et
1377 4907 1512 4966 doctrine
1526 4907 1559 4964 in
1575 4907 1715 4965 maiorem
1728 4908 1848 4964 modum
1864 4903 2047 4977 probaretur.
