4880 6538
1223 967 1656 1032 ——4—.....

753 1155 824 1218 clins
841 1189 881 1198 -
896 1154 1032 1236 portabit,
1048 1167 1078 1218 ut
1092 1155 1148 1218 cibi
1162 1179 1227 1220 orm
1241 1156 1443 1240 palaestritis,
1469 1159 1522 1224 boc
1543 1173 1597 1234 eat,
1618 1183 1684 1224 cum
1698 1163 1815 1246 populo
1833 1161 2023 1246 Syracusano
2039 1185 2136 1250 ceptio

752 1267 815 1327 iare
830 1263 987 1348 disceptari
999 1266 1097 1340 liceat,
1123 1285 1186 1348 quo
1202 1264 1272 1328 loco
1288 1265 1368 1330 nihil
1389 1267 1479 1332 aliud
1499 1267 1638 1333 efficitur
1653 1269 1715 1334 nisi
1730 1269 1805 1348 hoo,
1822 1271 1862 1333 de
1878 1291 1942 1354 quo
1958 1291 2052 1336 nemo
2067 1293 2136 1337 um·

754 1393 850 1454 quani
867 1372 1038 1452 dubitauit,
1056 1395 1114 1438 suo
1130 1373 1200 1438 loco
1217 1378 1280 1438 iure
1296 1379 1457 1461 disceptare
1473 1377 1536 1442 dici
1551 1399 1656 1461 posse,
1671 1399 1735 1444 non
1752 1379 1890 1444 efficitur
1910 1385 1975 1446 inre
1989 1385 2137 1448 (taenara

753 1482 816 1546 dici
832 1505 896 1546 non
911 1503 1015 1566 posse.
1061 1483 1098 1548 Id
1121 1504 1199 1548 uero
1215 1491 1303 1548 recte
1320 1485 1383 1548 dici
1399 1486 1482 1551 alter
1498 1487 1602 1564 leone,
1624 1509 1719 1569 quem
1740 1488 1891 1554 Baiterus
1907 1490 2026 1568 attulit,
2042 1489 2137 1574 plane

753 1593 903 1670 ostendit,
915 1616 975 1678 pro
997 1593 1052 1657 Cn.
1070 1594 1194 1658 Plancio
1217 1598 1266 1668 36,
1282 1599 1333 1659 et.
1363 1597 1415 1660 aed
1430 1607 1491 1662 erat
1506 1621 1562 1660 non
1576 1601 1648 1671 iure,
1663 1621 1720 1662 ison
1735 1579 1855 1683 lapibus,
1870 1624 1927 1664 tion
1944 1603 2136 1686 decapitando

753 1695 969 1776 (laearoredum,
985 1703 1102 1798 quibus
1117 1703 1151 1768 in
1166 1702 1275 1768 uerbis
1297 1701 1378 1769 haec
1400 1705 1472 1788 ipsa
1492 1707 1613 1771 locutio
1628 1711 1693 1772 iura
1708 1711 1852 1773 decertare
1874 1730 1939 1774 una
1959 1729 2031 1774 cum
2050 1709 2138 1774 locu·

754 1813 896 1877 tionibus
913 1815 1021 1898 lapibus
1035 1815 1179 1879 (temnere
1194 1820 1227 1878 et
1242 1817 1430 1900 ‹Iisreptando
1446 1817 1593 1882 decuere
1609 1817 1795 1882 consociata
1810 1823 1868 1882 est.
1895 1819 2024 1884 Tertius
2040 1819 2138 1896 toene,

753 1945 847 2006 quem
859 1923 1009 1988 Baiterus
1025 1921 1169 2006 protulit,
1185 1945 1224 1988 ex
1241 1923 1355 1990 eodem
1371 1925 1439 1988 fere
1456 1946 1574 2007 genere
1590 1932 1641 1990 est
1655 1925 1710 1990 lib.
1726 1931 1761 1992 de
1773 1930 1879 2014 osstciia
1894 1929 1918 1993 1.
1937 1933 1984 2006 ll,
2001 1935 2050 1994 34.
2067 1953 2137 1992 isam

752 2057 843 2120 quom
858 2037 916 2098 sirit
929 2035 990 2097 duo
1003 2057 1111 2120 perere
1128 2034 1303 2108 decertandi,
1317 2047 1410 2098 nnnbs
1420 2057 1478 2121 per
1494 2039 1744 2121 disceptationem,
1765 2041 1889 2104 admunt
1901 2063 1957 2124 per
1972 2042 2057 2116 nim,
2074 2058 2138 2121 quo

699 2161 707 2180 ·
752 2144 881 2226 quidem
894 2143 964 2208 loco
976 2143 1037 2208 hoc
1044 2143 1149 2226 ipsum
1161 2141 1300 2208 efficitur
1316 2142 1513 2210 decertari
1528 2167 1591 2210 non
1607 2146 1712 2212 solum
1727 2169 1797 2230 per
1812 2149 1889 2214 uim
1904 2169 2008 2232 posse,
2025 2167 2139 2214 uerum

752 2255 850 2318 etiam
865 2275 933 2336 per
949 2253 1291 2336 disceptationem,
1307 2253 1407 2318 idest
1422 2257 1592 2320 sententiis
1608 2257 1650 2320 ab
1666 2263 1804 2340 utraque
1821 2265 1914 2340 parte
1930 2258 2026 2322 dictis
2043 2278 2139 2339 argu·

752 2364 935 2446 mentisque
955 2362 1106 2446 prolatis,
1128 2362 1161 2426 id
1184 2361 1272 2444 quod
1291 2361 1402 2426 multis
1425 2363 1523 2436 etmm
1545 2365 1617 2430 aliis
1642 2365 1722 2430 locis
1746 2365 1840 2430 facilc
1864 2367 1996 2450 probari
2022 2373 2140 2448 potest,

752 2473 853 2538 ueluti
869 2473 923 2538 lib.
944 2473 981 2538 de
993 2474 1108 2559 Jirribna
1124 2471 1161 2537 V.
1191 2475 1224 2550 2,
1248 2477 1276 2536 5.
1292 2496 1332 2536 an
1348 2496 1414 2540 cam
1428 2475 1523 2538 locum
1545 2474 1673 2542 tidenter
1687 2478 1804 2551 imisit,
1826 2477 1877 2541 abi
1891 2477 2099 2542 Denioatbenea
2115 2488 2141 2542 ct

752 2585 911 2650 Aeaolu‘nea
929 2587 1005 2649 irater
1026 2607 1056 2648 ac
1074 2583 1227 2650 dcentare
1246 2583 1325 2648 soliti
1341 2581 1432 2648 mist?
1457 2583 1697 2672 etPtepp.11.
1720 2591 1745 2663 1,
1762 2589 1791 2650 2.
1807 2609 1847 2652 cn
1862 2587 2012 2652 decertare
2026 2609 2140 2652 nucum

752 2697 845 2758 uolui
859 2697 1038 2760 sescentiens
1052 2691 1188 2759 dicendi?
1217 2690 1281 2758 Sed
1302 2693 1490 2760 omittamus
1510 2694 1581 2760 hoc
1625 2695 1709 2760 Nam
1731 2697 1787 2778 qui
1807 2695 1922 2760 Latine
1938 2695 2060 2774 sciunt,
2076 2695 2139 2760 hoo

638 2825 651 2854 ·
752 2804 859 2870 sciunt
879 2811 912 2868 et
932 2809 997 2868 iure
1017 2807 1177 2889 disceptare
1197 2806 1313 2870 ctiori
1338 2805 1483 2870 ducrere
1506 2810 1596 2870 recte
1620 2804 1693 2870 dici.
1738 2805 1838 2870 Immo
1867 2805 1955 2870 aliud
1980 2805 2042 2870 hoc
2068 2804 2140 2870 loco

754 2913 924 2996 quaeritur
939 2917 973 2976 et
987 2913 1021 2976 id
1037 2918 1100 2990 est,
1121 2932 1185 2995 quo
1205 2932 1259 2978 res
1274 2912 1470 2978 decernitur.
1515 2913 1587 2978 Non
1607 2914 1692 2978 enim
1715 2913 1828 2980 Cicero
1849 2915 1910 2980 hoc
1929 2915 2001 2982 uult
2023 2915 2141 2992 dicere,

752 3023 894 3088 uoluisse
907 3024 943 3086 Α.
963 3021 1133 3088 Caecinam
1151 3022 1261 3088 uerbis
1272 3023 1380 3107 potius
1393 3043 1490 3106 quam
1500 3023 1599 3088 armis
1612 3045 1684 3088 curn
1697 3023 1770 3088 Sex.
1783 3025 1921 3092 Aebutio
1934 3025 2139 3102 contendere,
2207 3103 2211 3114 ,

753 3154 868 3198 uerum
883 3131 962 3196 illud
979 3133 1034 3212 ait,
1050 3134 1086 3197 A.
1104 3131 1277 3198 Caecinam
1291 3133 1325 3198 id
1341 3139 1514 3212 certamen,
1539 3133 1626 3216 quod
1642 3132 1716 3198 Sex.
1732 3135 1891 3200 Aebutius
1911 3135 1944 3200 in
1960 3153 2039 3218 agro
2054 3133 2140 3198 loco·

753 3264 816 3328 qne
832 3242 962 3308 deserto
978 3247 1179 3326 temptasset,
1195 3243 1238 3308 ad
1253 3241 1361 3308 forum
1376 3248 1475 3326 atque
1491 3245 1533 3310 ad
1548 3244 1702 3309 iudicium
1713 3245 1890 3310 transferre
1907 3245 2058 3320 uoluisse,
2075 3263 2140 3308 non

752 3358 879 3418 tantum
894 3359 931 3418 ut
945 3374 1030 3420 nuuc
1045 3353 1155 3420 uerbis
1171 3352 1212 3418 de
1229 3373 1269 3418 ea
1283 3373 1319 3418 re
1334 3359 1496 3435 ageretur,
1514 3375 1598 3437 quae
1610 3360 1708 3420 antea
1726 3355 1759 3418 ui
1776 3361 1809 3418 et
1824 3354 1924 3418 armis
1935 3357 2023 3416 esset
2037 3358 2140 3433 gesta,

753 3464 810 3528 sed
825 3470 862 3528 ut
877 3469 1041 3529 certamen
1058 3463 1148 3539 illud,
1164 3461 1300 3544 quodni
1315 3467 1443 3525 armata
1463 3463 1578 3524 initum
1599 3469 1700 3538 esset,
1721 3463 1788 3524 iam·
1806 3463 1876 3524 inre
1899 3459 2082 3542 iudicioque
2098 3460 2140 3524 ad

752 3575 848 3642 finem
862 3575 1104 3660 perduceretur.
1134 3571 1250 3654 Itaque
1275 3570 1308 3634 in
1328 3567 1477 3632 omnibus
1500 3568 1618 3650 quibus
1640 3573 1750 3634 orator
1775 3571 1878 3635 utitur
1897 3569 2009 3634 uerbis
2032 3572 2139 3653 imago

752 3685 937 3752 certaminis
960 3688 1070 3750 manet
1083 3683 1233 3755 decane,
1248 3680 1426 3756 accendere,
1443 3692 1561 3752 cataro,
1577 3693 1726 3764 inperare,
1743 3701 1827 3762 quae
1843 3679 1975 3763 quidem
1990 3681 2140 3746 certami-

751 3799 800 3862 nis
815 3798 922 3879 imago
938 3801 1007 3859 tum
1024 3793 1263 3870 obscuraretur,
1280 3791 1308 3856 si
1323 3791 1395 3874 quis
1411 3797 1525 3854 contra
1540 3790 1620 3854 artis
1637 3790 1768 3856 criticae
1790 3797 1965 3874 praecepta
1984 3794 2141 3877 <inceptare

752 3907 860 3988 potius
877 3926 974 3987 quam
989 3906 1139 3968 decertari
1152 3902 1296 3968 scribere
1312 3901 1421 3966 uellet.

839 4013 872 4077 C.
888 4013 929 4076 11.
946 4017 973 4096 ς’.
996 4019 1025 4076 4.
1070 4012 1221 4078 Baiterus
1243 4032 1346 4094 nuper
1366 4009 1469 4073 uerba
1485 4009 1650 4074 Ciceronis
1668 4010 1714 4074 sic
1731 4010 1912 4076 constituit:
1940 4009 2038 4084 Nam,
2052 4015 2080 4074 ai
2093 4034 2140 4076 ne

750 4135 869 4210 parient
884 4125 947 4186 nim
962 4122 1128 4185 bominibus
1141 4125 1263 4186 amicat
1278 4145 1338 4186 cece
1357 4125 1484 4206 jactans,
1498 4121 1591 4205 chilc
1609 4121 1827 4186 tenesne—uma
1848 4123 1964 4186 eretur
1978 4123 2009 4184 in
2025 4143 2057 4184 rc
2067 4143 2139 4206 per·

752 4237 854 4320 apiaria
876 4241 1056 4298 tenemini.-
1083 4235 1129 4296 εἰη
1150 4232 1278 4318 confessi
1298 4243 1390 4298 arent
1414 4243 1438 4296 ct
1459 4231 1505 4305 id,
1526 4233 1703 4316 quadrando
1719 4235 1930 4317 temperatura
1943 4233 2019 4314 fieri
2034 4243 2138 4316 potest,

753 4356 849 4410 tamen
865 4344 902 4408 ab
916 4366 947 4407 ac
960 4345 1023 4406 iure
1033 4344 1154 4425 jbetnm
1170 4365 1228 4408 eoae
1243 4343 1440 4427 des'enderent,
1454 4355 1627 4426 sperarunt,
1645 4343 1679 4406 id
1693 4343 1775 4426 quod
1796 4342 2028 4413 miscuissent,
2049 4364 2078 4406 ee
2092 4344 2140 4404 in·

751 4458 879 4520 maturos
893 4454 978 4518 uobis
993 4475 1113 4518 causam
1129 4451 1310 4518 deliberandi
1322 4464 1348 4518 et
1362 4453 1517 4516 r'udicandi
1538 4455 1643 4516 itatem
1664 4474 1783 4516 moram
1803 4477 1838 4516 cc
1857 4451 2036 4536 reiipioncm.
2079 4449 2140 4514 His

752 4565 785 4628 in
801 4565 910 4629 uerbis
927 4563 1004 4628 Cod.
1020 4563 1098 4646 Teg.
1114 4567 1148 4628 et
1163 4562 1263 4628 ceteri
1278 4560 1346 4626 fere
1362 4560 1438 4626 libri
1454 4574 1518 4626 turn
1534 4563 1571 4625 ab
1586 4559 1756 4638 cebebant,
1773 4561 1843 4626 cod.
1854 4560 2053 4626 Erfurtensis
2065 4579 2140 4639 cum

753 4673 864 4758 paucis
879 4673 971 4738 libris
986 4673 1086 4738 habet
1106 4687 1202 4738 tanen
1223 4674 1262 4737 ab
1281 4696 1320 4738 aa.
1367 4672 1486 4737 Fateor
1506 4693 1557 4736 me
1577 4673 1683 4754 ipsum
1704 4671 1779 4735 olim
1801 4672 1997 4736 auctoritate
2019 4669 2140 4734 codicis

753 4783 819 4848 Eri.
836 4783 968 4848 ductum
985 4795 1082 4849 tamar
1098 4783 1269 4868 recepisse,
1286 4803 1351 4865 qua
1365 4783 1399 4846 in
1414 4803 1450 4846 re
1467 4802 1517 4846 me
1533 4781 1690 4852 Iordanus
1708 4787 1741 4844 et
1757 4781 1896 4846 Orellius
1916 4779 2019 4845 secuti
2036 4785 2138 4854 erant,

752 4893 811 4958 sed
834 4895 867 4958 in
889 4894 1029 4958 editione
1050 4899 1250 4977 stereotypa,
1271 4913 1336 4976 qna
1357 4892 1524 4956 Baitorum
1545 4911 1674 4974 quoque
1695 4892 1727 4956 in
1747 4892 1819 4956 aliis
1845 4893 1924 4956 locis
1946 4909 2041 4952 usum
2067 4909 2139 4952 esse
