4880 6538
1190 977 1342 984 Ἥ,
1397 943 1444 1016 32
1498 973 1652 983 „-

728 1153 794 1231 pnli
818 1151 928 1210 scholis
951 1149 1097 1210 interluIt
1141 1151 1300 1210 Praeterea
1320 1169 1427 1208 munus
1447 1149 1594 1209 adiutoria
1609 1149 1642 1208 iu
1658 1149 1777 1226 specula
1797 1149 1995 1208 astronomica
2009 1154 2113 1210 neotus

729 1245 793 1298 erat
808 1245 838 1297 et
853 1237 944 1296 trium
960 1235 1153 1295 certaminum
1168 1235 1449 1314 penhellenieorum,
1467 1254 1542 1312 quaa
1556 1238 1594 1294 ad
1613 1235 1808 1313 philologiam
1828 1235 2032 1312 pertinebant,
2048 1255 2113 1314 par·

729 1323 822 1400 ticeps
842 1322 901 1382 luit
915 1327 946 1380 st
961 1321 1008 1381 bis
1022 1321 1105 1393 uicit,
1124 1322 1215 1381 semel
1236 1321 1484 1382 collaudationem
1505 1321 1623 1381 meruit.
1668 1321 1777 1380 Postea
1800 1325 1920 1398 sumptu
1940 1319 2058 1398 publico
2080 1322 2113 1381 ia

728 1408 914 1470 Germaniam
929 1407 1038 1467 missua
1053 1413 1106 1466 est.
1142 1407 1233 1466 Uenit
1248 1407 1387 1484 Lipsiam,
1404 1415 1439 1466 ut
1453 1408 1633 1484 philologiae
1648 1407 1749 1466 studia
1773 1409 1809 1465 ad
1824 1405 1913 1465 duem
1928 1401 2112 1483 perduceret.

692 1603 696 1608 ¹
724 1590 728 1602 .
1082 1525 1280 1585 HENRIUUS
1300 1527 1433 1588 IULIUS
1460 1527 1560 1589 ΟΤΤΟ
1585 1525 1763 1588 scamus

727 1619 814 1672 natus
829 1612 942 1671 Borkae
958 1613 995 1669 ad
1017 1611 1147 1671 Warram
1173 1613 1200 1670 d.
1222 1611 1293 1670 XII.
1317 1632 1409 1672 mons.
1434 1613 1537 1672 Octob.
1560 1633 1586 1671 a.
1609 1612 1704 1672 XLII.
1728 1618 1810 1688 patre
1832 1611 1937 1669 Uerolo
1958 1611 2112 1670 Friderioo

727 1697 882 1768 Mauricio,
899 1697 951 1774 qui
965 1697 1110 1755 rationem
1126 1695 1284 1770 uectigalis
1299 1697 1411 1775 publici
1428 1700 1602 1776 spectatoris
1619 1703 1682 1757 tum
1692 1715 1813 1756 munere
1823 1695 2008 1771 fungebatur,
2018 1703 2112 1756 matre

724 1783 854 1842 Haurica
864 1803 880 1842 e
890 1787 977 1857 gente
987 1783 1117 1852 Hunnia,
1126 1789 1310 1858 praematura
1322 1789 1415 1841 morte
1425 1783 1572 1856 defuncta,
1583 1785 1711 1862 primum
1722 1782 1859 1841 cruditus
1872 1785 1908 1840 ab
1921 1783 2108 1856 Hohmanno,

726 1869 781 1928 XI.
802 1888 894 1926 annos
915 1873 1002 1926 natus
1018 1869 1104 1925 datus
1124 1875 1170 1925 est
1189 1869 1290 1925 lenam
1306 1869 1339 1926 in
1354 1869 1544 1945 disciplinam
1560 1870 1659 1929 Caroli
1675 1869 1828 1928 Volkmari
1845 1867 1924 1946 Stoy.
1966 1869 2038 1927 Post
2053 1873 2113 1926 tres

727 1974 819 2012 annos
836 1955 868 2012 in
882 1953 1068 2031 gymnasium
1077 1953 1252 2011 Vinariense
1261 1955 1380 2012 transiit
1396 1961 1426 2012 et
1441 1957 1527 2014 annis
1536 1956 1559 2010 V
1574 1955 1738 2014 rectoribus
1747 1953 1906 2012 Heilaudio
1923 1959 1953 2012 et
1966 1953 2111 2013 Bassouio

726 2039 770 2097 ibi
786 2039 942 2098 transactis
958 2039 990 2097 in
1005 2039 1232 2096 uniuersitatem
1247 2038 1306 2096 litt.
1318 2041 1474 2098 lenensem
1487 2041 1635 2114 migrauit,
1649 2047 1682 2098 ut
1694 2039 1873 2116 philologiae
1884 2057 2003 2116 operam
2016 2041 2110 2098 daret.

726 2125 784 2183 Hic
798 2125 916 2182 audiuit
932 2124 1158 2197 Goettlingium,
1174 2124 1398 2200 Nipperdeium,
1414 2125 1601 2196 Fischerum,
1627 2128 1683 2184 Ad.
1699 2125 1911 2195 terminium,
1935 2131 2002 2184 tum
2016 2125 2111 2184 Maur.

729 2210 942 2281 Schmidtium,
960 2229 1061 2285 quem,
1091 2227 1181 2285 quum
1198 2217 1276 2268 esset
1296 2211 1360 2268 eius
1376 2211 1526 2271 societatis
1548 2211 1719 2288 philologae
1739 2211 1873 2283 sodalis,v
1889 2211 2000 2288 optime
2022 2213 2056 2269 de
2081 2229 2113 2269 ee

726 2297 870 2354 meruisse
892 2295 1055 2372 profitetur.
1101 2297 1177 2354 Post
1192 2295 1266 2353 1111.
1288 2298 1441 2354 semestris
1462 2297 1594 2374 Lipsiem
1615 2297 1712 2364 uenit,
1742 2297 1795 2354 ubi
1816 2301 2022 2374 praeceptores
2047 2295 2112 2355 eius

672 2437 673 2444 ,
727 2382 849 2439 luerunt
863 2381 962 2451 Klotz,
978 2379 1110 2448 Wuttke,
1127 2380 1247 2448 Wenck,
1265 2381 1389 2440 Ritsohl.

1062 2516 1236 2576 IOANNES
1259 2517 1474 2578 lllllANUEL
1497 2517 1777 2578 CHATZIDAKES

727 2601 896 2662 Graecusin
911 2601 1012 2660 insula
1027 2601 1113 2660 Creta
1129 2607 1223 2674 natus,
1241 2605 1382 2662 educatus
1399 2609 1445 2662 est
1460 2605 1538 2682 apud
1554 2610 1692 2680 patruum
1703 2623 1789 2662 suum
1802 2603 1956 2662 Misaelem
1973 2608 2036 2661 tum
2053 2622 2111 2664 me·

725 2689 896 2766 tropolitam
908 2687 1037 2748 Achaiae
1053 2692 1083 2746 et
1098 2687 1204 2746 Elidis.
1223 2689 1272 2745 Ibi
1287 2697 1444 2766 postquam
1459 2691 1606 2766 gymnasii
1623 2689 1722 2748 studia
1732 2687 1872 2756 absoluit,
1890 2707 1943 2765 per
1958 2689 2029 2746 anni
2047 2708 2111 2765 spa·

722 2774 797 2832 tium
814 2779 985 2850 praeceptor
1001 2773 1032 2830 in
1052 2772 1153 2830 schola
1169 2773 1304 2832 Cretensi
1327 2775 1392 2832 fuit.
1440 2777 1601 2851 Postquam
1624 2781 1748 2850 patruus
1772 2775 1837 2832 eius
1853 2773 2043 2850 metropolita
2059 2777 2111 2834 At·

724 2859 799 2917 ticae
816 2859 910 2916 lactus
927 2863 986 2928 est,
1008 2877 1075 2915 eum
1091 2863 1210 2915 secutus
1232 2876 1324 2933 nepos
1345 2860 1377 2916 in
1398 2861 1596 2918 uniuersitato
1619 2859 1676 2919 litt.
1699 2859 1879 2930 Atheniensi
1900 2859 2109 2936 philosophiae

724 2951 754 3002 at
769 2943 937 3017 theologiae
953 2961 1072 3018 operam
1088 2942 1180 3000 dedit.
1216 2943 1337 3002 Mortuo
1353 2949 1459 3020 patruo
1474 2945 1675 3022 praeceptoris
1692 2965 1798 3002 munus
1819 2945 1853 3002 in
1868 2946 1955 3003 domo
1971 2945 2109 3004 Caratzae

723 3027 869 3106 principis
886 3029 1033 3104 quondam
1049 3027 1206 3086 Ualachiae
1222 3033 1251 3086 et
1263 3029 1434 3088 Moldauiae
1446 3030 1585 3108 suscepit.
1609 3031 1716 3088 Postea
1728 3030 1908 3106 stipendium
1917 3029 2111 3090 inbiennium

722 3133 739 3172 a
757 3113 908 3172 Demetrio
925 3111 1107 3172 Bernardaki
1124 3121 1235 3180 nactus,
1254 3114 1304 3189 qni
1321 3115 1369 3172 uir
1384 3115 1520 3194 liberalis
1535 3117 1695 3174 admodum
1710 3117 1743 3174 iu
1754 3116 1912 3192 populares
1926 3136 1996 3174 suos
2008 3117 2111 3176 Petro-

724 3199 788 3276 poli
804 3199 895 3274 dcht,
912 3199 1042 3276 Lipsiam
1059 3197 1151 3270 usust,
1169 3201 1203 3257 nt
1218 3199 1318 3256 studia
1334 3221 1386 3258 sua
1402 3201 1581 3260 absolueret.

1182 3335 1429 3396 ALEXANDER
1451 3339 1650 3398 SAY'IZEFF

722 3421 804 3480 filius
819 3421 976 3480 Michaelis
996 3424 1085 3480 natus
1106 3421 1135 3481 d.
1157 3421 1227 3478 XX.
1249 3441 1340 3480 mens.
1361 3425 1427 3480 Iun.
1448 3443 1472 3482 s.
1497 3423 1577 3481 XLI.
1600 3423 1718 3493 Casani,
1741 3423 1777 3480 ab
1800 3441 1826 3480 a.
1847 3423 1896 3480 LI.
1921 3439 2016 3498 usque
2031 3423 2070 3480 ad
2085 3441 2110 3480 a.

723 3508 831 3567 LVIII.
847 3507 1035 3584 gymnasium
1047 3506 1212 3564 Uasanense
1223 3507 1261 3564 II.
1279 3507 1491 3582 frequentauit.
1515 3512 1551 3565 A.
1566 3508 1675 3566 LVIII.
1692 3507 1724 3565 in
1739 3506 1937 3566 uniuersitate
1952 3508 2011 3567 litt.
2025 3507 2111 3567 Casa·

623 3629 626 3634 ,
721 3594 903 3674 nensiloaes.
921 3591 1052 3652 messiae
1069 3595 1099 3649 et
1113 3591 1319 3665 technologiae
1342 3594 1469 3651 maxims
1492 3593 1618 3651 ducibus
1642 3593 1818 3652 Butlerouio
1842 3597 1872 3650 et
1891 3594 2109 3668 Tehugunouio
2192 3624 2197 3640 ι

720 3699 839 3758 operam
856 3679 949 3737 dedit.
966 3681 1003 3735 Δ.
1019 3676 1116 3736 LXII.
1132 3677 1278 3735 absolutis
1294 3679 1428 3736 examine
1444 3677 1555 3737 studiis
1571 3679 1603 3738 in
1620 3678 1807 3738 Germaniam
1827 3679 1976 3756 proiectus
1993 3685 2052 3750 est,
2076 3685 2109 3738 ut

719 3765 830 3824 Kolbid
847 3764 1037 3840 potissimum
1053 3768 1173 3822 auctore
1190 3763 1321 3822 chemise
1337 3765 1470 3823 studium
1486 3766 1605 3824 coleret.
1649 3765 1691 3824 Eo
1716 3770 1849 3842 tempore
1875 3765 1949 3823 duas
1965 3763 2110 3822 disserta·

720 3851 817 3910 tiones
844 3851 877 3908 iu
903 3848 1030 3908 Annal.
1057 3852 1166 3908 chem.
1194 3853 1228 3906 et
1253 3851 1433 3926 pharmao.
1457 3851 1636 3927 publieauIt,
1663 3851 1801 3922 alteram,
1827 3870 1901 3928 quae
1921 3849 2109 3910 inscribItur:

718 3921 850 3994 ‘Ueber
877 3919 1323 4011 Diamidosalicylsdure,’
1353 3936 1489 3994 alteram:
1516 3921 1647 3996 ‘Ueber
1682 3936 1740 3994 die
1766 3935 2012 4010 Einwirlsung
2037 3954 2110 3994 von

721 4007 1606 4098 cyansauremKalieufldonocloressigaether.'

1127 4171 1131 4181 .
1179 4136 1379 4197 ANTONIUS
1403 4139 1656 4198 ZUOHRISTAN
1686 4179 1691 4190 .
1802 4147 1806 4152 '
1907 4136 1909 4147 '

721 4227 809 4284 natus
825 4224 854 4282 d.
869 4221 1005 4282 XXIHI.
1022 4239 1113 4280 mens.
1130 4220 1201 4280 Dec.
1224 4241 1249 4280 a.
1270 4223 1388 4284 XXIX.
1417 4224 1553 4300 Eppanni
1575 4225 1607 4283 in
1631 4225 1700 4283 lano
1715 4223 1762 4283 Sti
1777 4223 1865 4282 Pauli
1888 4225 1926 4282 ad
1942 4221 2105 4282 Bulsanum

722 4311 874 4370 ciuitatem
888 4307 1072 4368 'lirolansem
1086 4311 1171 4384 patre
1186 4307 1313 4380 Ioanne,
1336 4315 1428 4370 matre
1446 4310 1618 4382 Ostharina,
1639 4312 1672 4370 in
1696 4309 1861 4388 gymnasiis
1877 4309 2053 4368 Bulsanensi
2080 4314 2110 4368 et

721 4385 887 4457 Ueronensi
903 4395 1048 4463 erudItua
1064 4394 1097 4453 iu
1112 4393 1266 4472 gymnasio
1283 4395 1491 4474 Oenipontauo
1513 4395 1719 4456 testimonium
1735 4395 1916 4454 maturitatis
1931 4400 2034 4454 nactus
2051 4401 2108 4458 eet.

718 4481 883 4559 Postquam
898 4483 932 4540 in
947 4481 1046 4540 offimo
1061 4499 1161 4539 rerum
1175 4481 1365 4540 nemoralium
1386 4500 1479 4541 annos
1500 4481 1574 4540 1111.
1600 4483 1638 4541 de
1660 4482 1757 4560 patria
1777 4480 1885 4540 mereri
1907 4491 2029 4540 conatus
2050 4486 2107 4554 eet,

720 4568 830 4626 studiis
850 4568 926 4626 iuris
944 4568 1101 4644 utriusque
1117 4585 1237 4642 operam
1252 4566 1346 4626 dedit.
1390 4568 1497 4626 Postea
1512 4587 1611 4627 amore
1626 4568 1707 4627 uitae
1723 4567 1853 4627 rusticae
1876 4568 1999 4640 ductus,
2026 4567 2109 4643 quod

718 4671 795 4729 puer
810 4653 882 4712 oIIm
897 4654 930 4711 in
945 4653 1067 4730 praedio
1086 4653 1179 4728 patris
1195 4651 1321 4723 uixerat,
1338 4653 1545 4727 agricolationi
1563 4673 1628 4714 sese
1649 4655 1748 4713 dicare
1763 4653 1933 4722 constituit,
1954 4653 1986 4710 in
2002 4671 2060 4728 qua
2074 4655 2110 4708 ut

719 4755 893 4816 progressas
916 4738 1044 4797 maiores
1063 4737 1185 4811 lacerat,
1207 4737 1267 4796 iter
1286 4756 1339 4814 per
1361 4739 1492 4811 Italiam,
1509 4740 1655 4814 Galliam,
1672 4739 1858 4799 Britanniam
1881 4738 1961 4798 lecit.
2007 4735 2107 4799 Quum

719 4828 820 4882 eutem
839 4823 1082 4897 agricolationem
1103 4823 1169 4882 sine
1191 4842 1292 4883 renim
1312 4826 1493 4884 naturalium
1515 4825 1685 4900 cognitione
1705 4831 1785 4884 recte
1806 4823 1919 4903 percipi
1939 4841 1999 4881 non
2019 4839 2108 4898 posse

720 4907 931 4983 mtellexisset,
944 4909 998 4968 has
1008 4909 1088 4986 ipsae
1100 4909 1284 4988 disciplinas,
1301 4909 1438 4987 quamuis
1452 4915 1549 4970 aetate
1564 4911 1624 4970 iam
1639 4910 1810 4988 prouectior
1824 4915 1910 4981 emet,
1926 4906 2055 4984 primum
2071 4907 2105 4966 in
