4880 6538
722 1215 819 1276 quem
835 1193 877 1258 ad
893 1193 1115 1260 modumnunc
1126 1191 1329 1258 mihiePctri
1340 1191 1440 1258 Fabri
1451 1193 1639 1258 coniectura
1651 1191 1878 1258 constituenda
1889 1213 1960 1258 csse
1973 1193 2106 1260 uidean-

720 1309 789 1370 tur:
811 1304 959 1384 Quoniam
975 1307 1016 1370 ita
1031 1306 1102 1369 dicis
1118 1316 1143 1372 et
1160 1307 1202 1368 ita
1222 1305 1396 1368 acuetitur's:
1414 1297 1465 1370 ‘Si
1493 1302 1633 1376 Caecina,
1653 1327 1743 1390 qaam
1767 1307 1798 1368 ia
1811 1304 1915 1389 suado
1936 1317 2021 1378 esra,
2038 1308 2107 1372 iude

721 1415 851 1480 deiectas
865 1425 947 1487 esset,
964 1426 1028 1478 tum
1040 1437 1099 1500 per
1113 1414 1168 1480 boa
1181 1415 1370 1478 interdictum
1382 1435 1450 1478 eam
1465 1417 1578 1480 rabbat
1591 1416 1773 1500 oportuisse:
1788 1437 1865 1480 nunc
1877 1438 1946 1480 acro
1957 1415 2106 1482 Mecium

719 1526 798 1590 callo
813 1525 905 1589 modo
920 1547 979 1590 aar
993 1527 1070 1596 corb,
1087 1525 1139 1589 abi
1147 1525 1320 1610 pausarent:
1333 1525 1386 1590 baa
1396 1525 1551 1590 {aaran
1562 1524 1637 1590 rabit
1650 1545 1706 1588 aas
1717 1523 1872 1588 adsecutos
1886 1515 1967 1599 errae,³
1981 1547 2106 1612 quaero,
2185 1573 2187 1578 ,

720 1639 787 1700 rite
806 1623 893 1700 leodic
914 1635 1036 1700 datorem
1055 1647 1136 1698 tuam
1155 1634 1327 1700 ammarum
1348 1637 1448 1698 coacti
1464 1635 1597 1699 damiam
1616 1645 1645 1699 et
1663 1636 1780 1698 armati
1800 1658 1860 1700 aaa
1887 1637 1979 1698 modo
2006 1638 2108 1702 tituta

722 1757 847 1830 tectoque
863 1747 984 1810 aedium
996 1757 1128 1818 amram,
1142 1746 1301 1830 sedprimo
1312 1747 1398 1810 aditu
1410 1744 1608 1830 restitutoque
1617 1744 1826 1830 praiabaerint,
1841 1747 1915 1830 qual
1924 1757 2044 1810 acturus
2054 1749 2107 1810 rie.

720 1856 825 1920 Marcet
841 1857 953 1919 ammae
966 1877 1049 1920 maa
1064 1867 1093 1920 tc
1108 1855 1147 1918 L.
1167 1853 1357 1938 Calpurniae,
1371 1863 1407 1920 ut
1416 1857 1497 1920 idem
1512 1857 1602 1928 dicas,
1616 1857 1697 1940 quad
1708 1857 1772 1940 ipse
1786 1867 1876 1922 autea
1895 1858 1989 1920 daa:
2009 1849 2108 1920 ‘Icia-

720 1954 856 2030 m'arum.'
904 1964 986 2044 Quid
1000 1968 1042 2030 ad
1055 1989 1175 2030 masam
1188 1968 1393 2052 marcomania,
1410 1967 1484 2050 quid
1497 1965 1539 2028 ad
1559 1965 1774 2030 restituendum
1789 1989 1869 2040 eam,
1894 1989 1980 2051 mma
1999 1977 2109 2052 oportet

718 2077 842 2148 necui,
858 2077 934 2160 quid
946 2077 1073 2162 denique
1086 2077 1128 2140 ad
1142 2080 1191 2142 ius
1202 2077 1287 2142 ciuile
1303 2086 1357 2141 out
1372 2077 1414 2140 ad
1425 2079 1574 2160 praetatis
1588 2079 1741 2140 actionem
1752 2087 1847 2161 'atquc
1874 2077 2107 2142 mundana>

719 2210 784 2250 aaa
809 2209 878 2271 aare
897 2185 1100 2252 armarant
1123 2187 1198 2252 Plus
1214 2187 1272 2250 etti
1284 2209 1336 2270 epo
1350 2187 1483 2268 bar-piar:
1497 2209 1556 2250 aare
1570 2187 1666 2250 sebon
1680 2189 1785 2271 meas,
1804 2163 1909 2251 aarum
1930 2190 2018 2252 (τίαηι
2041 2213 2108 2252 cca·

719 2297 870 2362 damnans
883 2298 964 2361 dcet:
978 2297 1125 2380 auorquid
1140 2299 1236 2380 mapir
1246 2293 1429 2380 possidebis?
1450 2299 1525 2360 actio
1547 2297 1623 2358 adm
1642 2299 1823 2360 iniuriarum
1844 2320 1902 2360 aare
1920 2299 1969 2362 ius
1992 2322 2107 2383 posser-

719 2409 811 2470 u'oais
825 2406 1005 2490 adsequitur,
1019 2405 1072 2470 sad
1083 2405 1213 2470 dolorem
1226 2407 1400 2470 inanirmtae
1414 2405 1553 2470 libertatis
1566 2405 1677 2469 adata
1688 2428 1844 2491 monaque
1858 2411 1984 2492 mitipct.
2007 2407 2043 2472 ln
2055 2408 2106 2472 his

718 2515 839 2594 uerbis,
855 2519 894 2581 ut
907 2515 1055 2580 omittam
1069 2535 1122 2580 ros
1139 2514 1290 2590 minores,
1306 2533 1445 2597 quarum
1459 2513 1492 2578 in
1503 2513 1566 2580 hac
1577 2523 1882 2581 causamomcutum
1904 2517 2030 2582 nullum
2049 2525 2108 2596 est,

720 2647 780 2710 ego
796 2625 836 2692 de
851 2626 886 2690 Ρ.
899 2625 997 2690 Fabri
1013 2625 1201 2690 coniectura
1215 2624 1331 2707 scripsi
1345 2637 1397 2690 art
1415 2626 1457 2690 ad
1475 2629 1627 2710 martarus
1641 2645 1701 2708 pro
1714 2639 1768 2690 aut
1781 2629 1824 2690 ad
1835 2631 1949 2692 acaria
1964 2631 1998 2691 ct
2013 2627 2107 2693 facile

718 2736 797 2800 mihi
813 2735 926 2800 uideor
941 2735 1003 2802 hoc
1018 2735 1135 2802 docere
1151 2747 1257 2818 possa,
1273 2735 1356 2800 hanc
1372 2735 1567 2817 scripturam
1582 2756 1687 2819 neque
1707 2736 1749 2800 ab
1769 2737 1824 2815 iis,
1848 2757 1932 2820 quaa
1962 2737 1995 2802 in
2015 2738 2107 2803 libris

720 2845 891 2922 habentur,
910 2845 1105 2910 testimoniis
1123 2863 1241 2925 magno
1257 2863 1355 2925 opera
1370 2844 1548 2910 abhorrere
1565 2851 1598 2910 et
1620 2846 1809 2920 sentcntiae,
1831 2869 1929 2930 quam
1950 2847 2002 2912 hic
2018 2848 2108 2912 locus
2127 2833 2133 2852 ⁸
2165 2881 2170 2891 ·

719 2954 874 3038 postulat,
886 2953 1265 3018 accommodatissumam
1280 2972 1363 3018 esse.
1392 2954 1440 3017 Ac
1454 2953 1523 3020 sinc
1538 2953 1637 3020 dubio
1653 2955 1734 3020 hacc
1748 2956 1785 3020 P.
1802 2957 1900 3023 Fabri
1923 2958 2109 3024 coniectura

722 3063 930 3148 iampridem
946 3063 988 3128 ab
1004 3063 1153 3128 omnibus
1170 3062 1289 3128 criticis
1306 3062 1517 3146 comprobata
1528 3071 1625 3143 esset,
1641 3066 1703 3130 nisi
1719 3087 1839 3145 errore,
1856 3067 1967 3146 credo,
1986 3068 2111 3133 librarii

641 3191 646 3200 ·
720 3173 942 3257 interpunctio
968 3171 1009 3237 ab
1035 3171 1096 3248 hoc
1120 3172 1192 3238 loca
1219 3173 1327 3238 aliena
1351 3173 1384 3238 iu
1414 3173 1450 3238 P.
1472 3173 1571 3240 Fabri
1598 3178 1865 3242 commentarium
1892 3167 1979 3244 essct
2007 3178 2109 3244 illata.

720 3283 911 3350 Attulcruut
941 3283 1027 3350 anim
1059 3283 1159 3367 uulgo
1186 3285 1221 3350 Ρ.
1248 3284 1346 3350 Fabri
1380 3285 1575 3368 scripturam
1599 3287 1696 3352 hauc:
1735 3291 1809 3373 quiri
1836 3290 1965 3374 dentque
1995 3293 2038 3353 ad
2066 3293 2112 3353 ius

721 3395 808 3460 ciuile
826 3407 878 3460 aut
892 3397 935 3460 ad
951 3399 1103 3481 praetoris
1126 3399 1272 3460 actionem
1293 3408 1380 3480 atquc
1400 3395 1707 3462 animaduersionem?
1737 3401 2006 3481 apocrisiariorum,
2022 3399 2111 3483 quod

721 3525 785 3572 nan
801 3505 915 3572 dubito
931 3505 1010 3588 quin
1024 3505 1094 3586 ipse
1111 3505 1157 3568 sic
1178 3503 1277 3570 scribi
1292 3503 1442 3568 uoluerit.
1477 3505 1562 3583 Quid
1579 3505 1705 3590 denique
1722 3539 1762 3552 -
1777 3541 1819 3552 -
1834 3511 1876 3572 ad
1889 3514 2039 3594 pacata
2057 3535 2109 3573 rra·

720 3619 828 3683 tionem
842 3629 930 3702 mque
944 3617 1233 3680 animaduersionem
1247 3635 1318 3695 apra
1332 3613 1532 3676 irriunbrum‘t
1554 3613 1637 3678 Utut
1651 3613 1712 3678 hoa
1732 3621 1796 3694 ast,
1813 3637 1872 3700 ego
1888 3619 1993 3696 illam,
2013 3641 2110 3703 quarn

720 3747 820 3809 supra
831 3726 934 3809 posui,
946 3724 1123 3790 uerborum
1132 3721 1425 3806 interpunctionem
1431 3721 1640 3788 obtinendam
1652 3745 1724 3792 esse
1737 3729 1901 3802 caussari
1914 3731 2109 3796 sententiam

697 3831 704 3842 ”
720 3837 783 3902 1οοί
798 3842 949 3902 constare
965 3835 1112 3900 uelimus.
1136 3833 1209 3911 Sed,
1225 3840 1262 3898 nt
1276 3833 1331 3898 uia
1345 3833 1502 3915 procedat
1513 3833 1690 3917 disputatio
1706 3844 1827 3913 nostra,
1843 3840 1983 3922 primum
1999 3841 2110 3906 ordiar

721 3945 764 4009 ab
775 3945 934 4012 librarum
945 3944 1130 4010 testimonio
1146 3944 1179 4008 in
1191 3943 1302 4008 uerbis
1318 3942 1390 4020 illie,
1404 3963 1487 4026 quae
1503 3945 1716 4027 potissumum
1733 3949 1764 4012 in
1780 3951 2037 4014 controuersiam
2053 3971 2109 4014 uo·

722 4059 796 4120 cata
812 4059 896 4118 sunt
926 4054 976 4118 Ea
990 4053 1093 4120 uerba
1108 4053 1155 4118 sic
1170 4053 1293 4134 scripta
1312 4053 1465 4135 leguntur
1487 4054 1521 4118 in
1536 4055 1646 4119 codice
1662 4057 1913 4139 Tegcrnseensi:
1943 4060 2016 4144 qaid
2030 4061 2110 4124 deni·

722 4186 779 4251 que
793 4164 835 4228 ad
847 4166 895 4228 ias
910 4165 994 4230 cr'ra'la
1009 4175 1063 4228 aut
1083 4166 1190 4228 artorio
1208 4165 1355 4228 aoa‘oaem
1376 4176 1462 4249 capae
1486 4167 1772 4234 ‹animaduersionem
1784 4193 1853 4254 opes
1873 4172 2068 4248 iniuriarum,
2091 4191 2110 4234 a

721 4275 812 4342 cuius
839 4273 915 4340 libri
943 4273 1106 4356 scriptura
1132 4273 1202 4338 cod.
1224 4273 1426 4340 Erfurteneis
1460 4280 1495 4340 et
1521 4277 1622 4342 ceteri
1650 4277 1719 4344 fere
1744 4279 1819 4344 libri
1849 4284 1974 4344 tantum
2008 4279 2041 4344 in
2072 4300 2110 4345 co

721 4384 902 4459 discedunt,
920 4383 1006 4468 quod
1022 4385 1179 4468 scriptum
1194 4382 1316 4448 habent
1331 4397 1383 4448 aut
1396 4388 1558 4450 adnotaris
1582 4393 1614 4452 et
1630 4387 1781 4470 deinceps
1810 4391 1869 4453 aba
1889 4409 1947 4471 pro
1969 4414 2044 4476 apa.
2076 4390 2109 4456 Si

722 4497 887 4578 sequimur
900 4496 1044 4562 codicem
1050 4495 1335 4579 Tcgcruecenscm
1353 4501 1389 4560 ut
1400 4497 1559 4562 ueriorem
1572 4497 1768 4582 scripturam
1783 4521 1852 4584 apa
1867 4519 1926 4582 pro
1939 4503 1998 4566 oica
2013 4500 2109 4565 facilc

721 4625 952 4687 agnoscemus,
968 4607 1242 4692 iteagnoacemus
1264 4605 1363 4670 etiam
1383 4607 1539 4672 maiorem
1559 4610 1629 4674 eius
1651 4607 1749 4674 fidem
1769 4608 1801 4674 in
1822 4609 1926 4676 altera
1947 4612 2110 4696 scriptura

721 4727 772 4782 aut
786 4720 900 4782 actoris.
924 4717 1006 4782 Nam
1022 4737 1062 4782 ne
1077 4729 1130 4784 aret
1143 4719 1185 4782 ad
1198 4719 1304 4780 octaris
1320 4715 1459 4797 quidem,
1472 4717 1559 4799 quod
1571 4717 1604 4782 in
1616 4720 1733 4784 ceteris
1744 4719 1836 4786 libris
1846 4721 1974 4804 legitur,
1991 4743 2107 4786 uarum

721 4846 807 4904 esse,
828 4826 862 4890 in
882 4845 920 4890 co
942 4844 1053 4893 omnes
1075 4829 1291 4892 consentiunt.
1336 4827 1429 4904 Quod
1452 4833 1561 4892 autom
1582 4829 1615 4894 in
1637 4829 1692 4894 illo
1714 4831 1825 4896 codice
1850 4839 1900 4896 ast
1925 4843 1976 4894 aar
1993 4837 2109 4908 ‚octaris

719 4935 754 5002 id
771 4935 812 5002 ad
827 4955 941 5000 uerum
963 4933 1089 5003 facilius
1106 4937 1204 5016 ducit,
1222 4957 1320 5020 quam
1336 4943 1518 5002 ceterorum
1533 4937 1688 5004 librorum
1712 4942 1883 5024 scriptura.
1914 4939 1989 5003 Sina
2012 4940 2109 5004 dubio
