4880 6538
815 1013 970 1022 .-.-.-..
1023 981 1085 1082 25,
1127 1015 1275 1025 .---..

801 1237 1037 1298 FRIDERIUUS
1060 1237 1295 1320 BOETTCHUR

356 1330 444 1386 natus
460 1329 506 1383 est
521 1325 548 1384 d.
560 1323 647 1382 XIII.
663 1342 756 1382 mens.
772 1321 857 1382 Febr.
873 1343 899 1382 a.
915 1323 1012 1382 XLII.
1036 1323 1300 1400 Mengerinhusae,
1328 1323 1360 1382 in
1387 1325 1495 1402 oppido
1517 1323 1741 1400 Waldeolrieno,

356 1417 440 1490 patre
455 1409 605 1488 Philippo,
623 1413 716 1468 matre
727 1407 863 1466 Carolina
880 1411 917 1467 de
932 1413 1020 1483 gente
1034 1405 1286 1468 Schluokebieri'a.
1316 1410 1478 1476 Institutus
1490 1411 1576 1470 estin
1586 1409 1745 1489 gyurnasio‘

358 1497 545 1568 Corbacensi,
563 1495 643 1552 uude
659 1493 691 1552 in
708 1493 934 1554 universitatem
951 1495 1009 1552 litt.
1026 1495 1183 1554 lonensem
1200 1515 1231 1553 se
1248 1495 1381 1568 contulit,
1399 1501 1432 1554 ut
1446 1497 1613 1571 theologiae
1630 1505 1660 1556 et
1676 1497 1741 1576 phi·

357 1582 512 1660 losophiae
540 1579 673 1640 studium
700 1587 885 1656 sequeretur.
930 1580 1140 1656 Praeceptores
1166 1579 1231 1639 eius
1257 1583 1380 1638 suerunt
1404 1581 1549 1654 Riiclrert,
1577 1583 1741 1659 Goettliug,

358 1668 545 1737 Schleicher,
567 1665 721 1740 Fortlage,
744 1666 881 1734 Fischer,
899 1665 1088 1743 Nipperdey,
1104 1667 1144 1728 M.
1161 1666 1311 1737 Schmidt,
1329 1666 1498 1726 Sohleiden.
1529 1669 1602 1728 Post
1618 1669 1677 1727 duo
1694 1690 1741 1728 se·
1847 1739 1850 1746 Ι

358 1753 480 1812 mestria
495 1751 627 1828 Lipsiam
644 1751 728 1810 uenit
744 1755 773 1810 et
799 1770 925 1828 quorum
946 1749 1057 1810 scholis
1078 1751 1252 1810 interfuisse
1277 1751 1363 1822 dicit,
1386 1753 1419 1810 hi
1446 1757 1516 1812 sunt
1539 1755 1741 1824 Wechsmuth,

357 1839 487 1908 Weisse,
516 1838 680 1909 Drobisch,
707 1837 857 1905 Rosoher,
883 1837 1105 1910 Wastermenu,
1133 1837 1317 1910 Brochhaus,
1346 1839 1490 1906 Fechuor‚
1516 1839 1677 1910 Hermann,
1706 1841 1742 1898 de

356 1924 542 1994 Treitschlre,
565 1923 713 1994 Braudcs,
736 1921 853 2000 Seydel.
897 1922 1004 1980 Hieme
1027 1925 1105 1998 apud
1127 1941 1197 1982 suos
1219 1927 1366 1981 transacta
1392 1925 1422 1982 iu
1439 1925 1667 1984 uniuersitatem
1682 1925 1741 1984 litt.

360 2011 591 2085 Friburgensam
606 2007 747 2082 migrauit
762 2007 867 2086 ibique
883 2008 1017 2083 magistri
1033 2008 1097 2066 eius
1114 2009 1234 2066 fuerunt
1249 2010 1286 2066 de
1303 2009 1473 2074 Trcitschlre
1490 2016 1519 2068 et
1536 2013 1571 2069 de
1588 2011 1697 2070 Weech
1713 2015 1743 2070 et

353 2089 498 2166 dierolini,
516 2113 573 2172 quo
588 2093 799 2170 posteaueuit,
821 2093 933 2164 Ranlre,
949 2093 1095 2170 Droyscu,
1112 2095 1150 2152 dc
1166 2083 1379 2166 Holtzcudorff,
1395 2095 1501 2154 Lcwis.
1574 2147 1576 2154 .
1610 2094 1614 2104 '
1761 2083 1767 2092 ’

816 2247 1025 2306 EDUARDUS
1048 2247 1289 2305 LINNEIIANN
1324 2267 1328 2276 ⁴

357 2343 444 2393 natus
453 2334 641 2394 Francofurti
652 2335 690 2392 ad
701 2333 843 2391 Moenum
859 2333 887 2389 d.
903 2334 942 2390 II.
959 2351 1051 2390 mens.
1063 2333 1151 2390 Febr.
1163 2352 1188 2390 a.
1207 2333 1288 2390 XLI.
1302 2340 1385 2410 patre
1397 2333 1527 2408 Georgio
1537 2333 1741 2391 Linnemanno

359 2420 545 2494 negotiatore
559 2419 802 2489 Francoiurtauo,
819 2417 948 2494 primum
970 2418 1002 2476 iu
1019 2417 1120 2475 schola
1136 2419 1310 2476 mercatoria
1325 2419 1441 2477 litteras
1456 2415 1610 2488 tractwit,
1633 2419 1743 2477 deinde

358 2507 499 2583 priuatim
515 2507 673 2564 institutus
689 2523 790 2562 meuse
806 2505 927 2562 Octobr.¹
943 2521 968 2560 a.
983 2504 1093 2561 LVIII.
1110 2504 1337 2563 uniuersitatem
1353 2505 1410 2566 litt.
1426 2504 1744 2582 Ruperto·Ueroliuam

356 2592 447 2662 adiit,
464 2592 517 2648 ubi
532 2591 664 2649 chemiee
680 2597 710 2648 et
724 2589 930 2666 philosophiae
952 2607 1113 2664 perennes
1130 2591 1204 2647 duos
1220 2609 1338 2666 operam
1359 2592 1457 2661 dedit,
1480 2595 1543 2648 tum
1560 2591 1693 2648 Gendam
1709 2589 1742 2648 in
1796 2641 1798 2648 .

356 2696 480 2750 regnum
497 2677 650 2751 Belgioum
667 2695 698 2734 se
714 2675 854 2740 contulit,
871 2683 905 2731 ut
921 2673 956 2732 el.
973 2693 1001 2730 u.
1019 2677 1054 2731 Δ.
1070 2675 1186 2733 Kekule
1207 2695 1326 2733 amanu
1344 2681 1423 2736 esset
1437 2677 1563 2754 eiusque
1583 2675 1744 2750 disciplina

357 2767 501 2822 uteretur.
545 2764 621 2820 Inde
637 2782 662 2819 e.
679 2759 792 2818 LXIII.
809 2760 840 2817 in
855 2759 986 2817 scholam
1009 2760 1245 2836 polyteohnioam
1263 2761 1531 2824 Carolirdhensem
1543 2760 1684 2832 transiit,
1709 2767 1743 2818 ut

357 2848 543 2924 praeceptori
558 2847 689 2906 chemise
705 2845 876 2911 adsisteret,
894 2847 999 2903 eodem
1013 2864 1090 2902 anno
1107 2865 1208 2905 menso
1221 2847 1300 2904 Maio
1310 2849 1502 2921 Lambergem
1510 2847 1543 2904 in
1553 2845 1741 2904 Academiam

240 2933 244 2942 ⁵
355 2934 541 3010 imperialem
553 2933 684 2992 Galioiee
696 2933 789 3001 uenit,
804 2935 838 2988 ut
848 2930 1024 2988 adsistentis
1035 2950 1158 2990 munere
1168 2932 1201 2990 in
1216 2932 1394 2990 laboratorio
1411 2932 1543 2992 chemico
1560 2923 1744 3005 iungeretur.

358 3021 406 3078 lbi
422 3020 551 3103 primum
567 3023 741 3096 praeceptor
756 3016 899 3090 chemise,
916 3036 986 3074 mox
1000 3017 1151 3094 professor
1165 3019 1422 3078 extraordinarius
1438 3019 1534 3076 factus
1550 3023 1605 3076 est.

866 3169 1073 3230 AUGUSTUS
1096 3171 1239 3230 lIAYEIt
1621 3215 1624 3224 .

362 3263 449 3314 natus
470 3255 656 3314 Bechthcmii
676 3259 757 3332 petre
773 3255 945 3313 Alexandro
967 3255 1082 3332 Meyer,
1100 3263 1192 3314 matre
1219 3257 1344 3314 Esthcre
1365 3275 1381 3314 e
1401 3261 1489 3330 geute
1512 3247 1700 3338 Siissenberg
1720 3275 1746 3314 a.

361 3341 510 3415 XLIIII.,
539 3347 606 3418 post
622 3340 810 3418 disciplinam
826 3340 1018 3398 domesticam
1040 3341 1072 3398 iu
1093 3341 1247 3418 gymnasio
1262 3341 1473 3400 Wormatieusi
1495 3361 1548 3400 sex
1564 3362 1656 3400 annos
1677 3362 1746 3400 uer-

362 3434 445 3487 satus
461 3427 493 3484 in
509 3427 699 3488 Academiam
714 3426 973 3484 Caroliruhcusem
989 3445 1019 3484 se
1035 3427 1177 3500 contulit,
1198 3431 1232 3485 ut
1252 3427 1467 3486 mathematicis
1489 3431 1520 3486 et
1539 3428 1673 3505 physicis
1703 3427 1748 3486 di-

360 3514 496 3590 sciplinis
513 3513 648 3572 colendis
664 3532 695 3571 se
711 3513 812 3584 daret,
829 3512 938 3588 quibus
959 3511 992 3570 iu
1015 3511 1184 3590 disciplinis
1206 3517 1412 3590 praeceptores
1427 3515 1482 3572 hos
1503 3515 1609 3572 habuit
1622 3512 1746 3587 Diuger,

360 3600 497 3671 Clebsoh,
520 3599 687 3669 Eisenlohr,
702 3597 790 3657 elios.
818 3599 892 3656 Post
907 3616 1015 3656 anuum
1031 3598 1064 3655 in
1083 3598 1262 3658 laboratorio
1284 3599 1414 3657 chemico
1430 3598 1590 3659 Weltzieni
1613 3597 1745 3674 chemise

361 3685 483 3744 deditus
505 3685 564 3742 luit
583 3688 614 3742 et
637 3687 731 3742 artam
751 3683 931 3754 herbariam,
952 3683 1129 3756 aoologiam,
1145 3683 1381 3758 mineralogiam,
1402 3685 1611 3742 astronomiam
1630 3684 1746 3742 discere

360 3769 487 3829 studuit.
519 3770 578 3828 Sex
598 3769 793 3828 semestribus
808 3769 852 3826 ibi
867 3768 1009 3827 coniectis
1024 3769 1157 3827 Berolini
1172 3789 1333 3847 perunum
1348 3775 1489 3830 semestre
1510 3771 1553 3828 in·
1565 3769 1747 3828 laboratorio

358 3857 489 3915 chemico
512 3854 689 3916 Schneideri
711 3854 777 3913 luit.
823 3854 941 3912 Deinde
968 3854 1105 3913 Lutetiae
1132 3855 1316 3914 Parisiorum
1341 3855 1555 3914 leboratorium
1582 3857 1746 3914 chemicum

356 3941 484 4002 Wurtaii
506 3942 595 4012 adiit,
621 3942 673 3998 sed
688 3961 756 3998 mor
773 3940 897 3998 fulmine
913 3940 1080 4016 eruptionis
1096 3942 1244 4000 chemicae
1261 3941 1306 3999 ita
1325 3940 1401 4000 ictus
1416 3945 1475 4013 est,
1500 3945 1535 3999 ut
1550 3941 1636 4004 ocrilo
1652 3941 1745 3999 altero

358 4029 457 4086 ablato
472 4027 557 4086 illam*
571 4025 721 4085 officinam
735 4025 904 4103 relinquere
926 4031 1090 4100 cogeretur.
1133 4023 1313 4086 Ueletudine
1334 4031 1507 4104 recuperate
1527 4027 1644 4086 Kelrule
1664 4027 1746 4086 Gen·

359 4113 500 4173 daucusis
515 4111 695 4190 professoris
711 4111 923 4172 laboratorium
939 4106 1152 4189 frequentauit.

843 4265 1058 4326 EDUARDUS
1082 4265 1262 4326 SOIIULI'E

358 4357 446 4412 natus
467 4352 499 4410 in
521 4351 630 4430 oppido
647 4351 899 4430 Guestphelorum
914 4351 996 4412 Werl
1016 4371 1041 4410 e.
1061 4349 1144 4410 XLI.
1165 4357 1248 4430 petre
1262 4351 1435 4422 Uriderioo,
1460 4356 1555 4410 matre
1577 4349 1706 4410 Aemilia
1729 4368 1745 4408 e
1783 4393 1786 4400 .

358 4443 446 4514 geute
461 4437 672 4506 Nierstrathia,
689 4438 737 4496 his
753 4443 939 4514 praematura
953 4441 1049 4496 morte
1064 4437 1176 4514 ereptis
1192 4437 1271 4513 apud
1286 4438 1384 4496 auiam
1395 4437 1482 4496 Halia
1495 4435 1746 4512 Guestphalorum
1824 4433 1826 4440 ’

358 4525 501 4582 educatus
510 4523 626 4582 indeab
635 4543 661 4582 e.
669 4525 768 4584 LIIIl.
780 4524 968 4601 gymnasium
976 4521 1321 4596 Reginmloechimicum
1330 4523 1522 4582 Beroliueuee
1533 4521 1747 4598 frequentauit.
1860 4519 1863 4526 ‘

357 4609 494 4668 Exeume
509 4628 535 4667 a.
551 4609 616 4667 LX.
631 4609 664 4666 in
679 4609 909 4668 uniuersitatem
930 4609 988 4667 litt
1011 4608 1413 4668 Fridcrico·Guilelmianem
1428 4608 1549 4666 transiit
1563 4607 1747 4684 philologiae

359 4713 478 4772 operam
488 4695 611 4754 daturus
623 4693 725 4770 ibique
737 4713 792 4770 per
802 4713 855 4752 sex
866 4693 1021 4752 semestris
1032 4693 1151 4752 audiuit
1162 4694 1353 4762 Boeclrhium,
1367 4694 1564 4770 Droysenum,
1574 4693 1747 4770 Hauptium‚

358 4781 545 4852 Htibnerum,
558 4780 743 4856 Kicpertum‚
754 4781 983 4847 Mommsenum,
995 4778 1245 4850 IIiillenholfium,
1258 4779 1414 4850 Beukium
1426 4778 1745 4855 Ihendelenburgium.

357 4866 503 4926 Boeckhii
522 4865 707 4941 Hauptiique
731 4865 764 4924 in
783 4865 958 4942 philologia,
984 4865 1255 4939 Trendeleuburgii
1275 4865 1308 4924 in
1322 4864 1527 4941 philosophia,
1551 4864 1701 4942 Droyseui
1715 4865 1748 4923 in
1908 4953 1912 4966 Ι

327 5023 332 5042 ,
358 4951 487 5012 hmtoria
500 4951 650 5012 institutis
665 4951 932 5012 exeroimionibus
946 4950 1093 5012 interhrIt
1568 5033 1571 5042 Ι

1521 5067 1538 5116 4
