4880 6538
829 945 1287 1016 ......1·1.......,

329 1153 338 1160 ·
368 1147 508 1205 nertsm.
548 1143 662 1228 Dryon.
677 1141 731 1208 xl.
748 1149 776 1222 5,
796 1149 823 1209 l.
839 1145 969 1212 Praetor
983 1149 1041 1210 ait:
1055 1181 1095 1194 -
1112 1146 1150 1208 In
1166 1163 1254 1221 eum,
1271 1146 1328 1222 qui
1348 1144 1443 1208 aleae
1465 1143 1628 1206 ludendos
1649 1125 1777 1204 causa*

365 1253 432 1314 uim
448 1253 614 1332 intulerit,
627 1255 678 1317 uti
694 1273 844 1334 quaeque
864 1275 920 1320 res
944 1259 1027 1332 crit,
1052 1258 1324 1319 animaduertom.
1354 1253 1470 1338 Dipest.
1492 1251 1566 1316 1111.
1583 1256 1611 1331 4,
1635 1253 1662 1314 1.
1678 1250 1704 1333 ᾖ.
1723 1255 1750 1314 1.

355 1359 493 1447 'Praetor
512 1364 616 1426 edicit:
634 1365 731 1436 Quod
746 1382 820 1427 oum
836 1368 962 1429 minore
983 1385 1081 1446 quam
1103 1365 1228 1442 uiginti
1248 1365 1394 1442 quinque
1417 1381 1577 1426 annorum
1596 1367 1679 1424 natu
1699 1378 1752 1438 ge·

364 1476 453 1533 stum
480 1489 555 1534 esse
576 1475 725 1550 dicetur,
748 1477 799 1536 uti
822 1493 973 1552 quaeque
993 1493 1049 1538 res
1069 1475 1149 1550 erit,
1173 1474 1445 1534 animaduertam.
1476 1471 1566 1548 Quae
1587 1491 1686 1553 quum
1706 1469 1754 1534 ita

365 1579 439 1658 sint,
455 1580 514 1645 illa
528 1582 639 1657 uerba,
654 1604 738 1667 quae
753 1583 801 1648 sic
812 1582 1040 1648 constituenda
1054 1588 1153 1664 atque
1168 1580 1428 1663 interpungenda
1442 1601 1513 1644 esse
1529 1581 1651 1646 censui:
1671 1581 1753 1661 tenid

364 1691 407 1753 od
422 1701 543 1756 cossam
560 1696 757 1776 possessionis,
772 1695 846 1781 quid
860 1698 902 1759 od
914 1693 1129 1758 restituendum
1145 1715 1221 1765 ovam,
1236 1715 1323 1777 quom
1334 1703 1443 1776 oportet
1455 1694 1571 1766 resumi,
1586 1693 1660 1778 quid
1672 1694 1751 1756 doui-

364 1821 421 1884 que
436 1803 478 1864 ad
490 1804 542 1866 ius
557 1804 641 1866 σίνίίε
652 1804 754 1866 ootod
763 1808 918 1890 praecona
928 1807 1070 1868 nouom
1079 1804 1463 1888 otpueonr'moduerss‘onem
1473 1824 1540 1886 opes
1552 1799 1752 1867 inlunio-um?

363 1907 426 1974 hoc
441 1909 510 1975 fere
527 1911 589 1976 sibi
604 1912 730 1976 volunt:
758 1907 837 1980 ‘Cur
852 1913 894 1978 ad
908 1913 1149 1997 possessionem
1164 1911 1381 1990 retinendam,
1399 1931 1456 1975 our
1472 1910 1514 1976 ed
1531 1933 1620 1986 eum,
1642 1912 1697 1995 qui
1713 1932 1748 1976 se

365 2019 405 2083 de
422 2019 524 2086 fundo
543 2041 601 2086 suo
617 2022 778 2086 deiectum
794 2043 866 2088 esse
882 2024 1039 2106 queritur,
1059 2023 1313 2093 restituendum,
1338 2041 1396 2087 our
1411 2021 1567 2104 denique,
1588 2027 1626 2087 ut
1640 2023 1690 2086 ius
1707 2021 1750 2085 ci·

349 2127 429 2208 ¹nile
451 2133 551 2212 atque
565 2132 727 2214 praetoris
742 2133 821 2197 iuris
838 2133 937 2197 dictio
960 2134 1021 2198 tibi
1037 2134 1229 2217 opituletur,
1254 2133 1414 2196 actionem
1434 2131 1625 2196 iniuriarum
1646 2131 1750 2195 inten-

367 2231 465 2302 des‘l'
489 2239 575 2304 Nam
591 2261 630 2305 eo
645 2263 680 2306 re
702 2242 794 2320 illud,
807 2243 894 2325 quod
909 2244 1017 2322 uoles,
1036 2263 1105 2312 non
1116 2243 1311 2325 adsequere,
1327 2241 1361 2306 id
1373 2241 1460 2324 quod
1476 2245 1510 2306 et
1523 2241 1636 2306 Cicero
1652 2262 1750 2324 qunm

365 2348 493 2414 obrem
511 2356 599 2415 recte
616 2357 780 2418 statuatur
796 2353 949 2436 deinceps
969 2353 1039 2436 ipse
1056 2352 1197 2436 explicat
1211 2357 1245 2416 et
1260 2351 1413 2417 docemur
1428 2353 1542 2438 Dipest
1553 2350 1682 2416 XLVII.
1702 2357 1749 2430 10,

368 2463 395 2520 7.
412 2459 440 2542 ᾗ.
456 2465 482 2523 1.
505 2471 539 2523 ot
559 2464 591 2525 in
608 2466 718 2528 actem
737 2467 917 2528 iniuriarum
936 2467 972 2529 ds
991 2467 1058 2550 epea
1077 2467 1165 2528 coede
1184 2465 1233 2528 uel
1251 2485 1363 2530 ueneno
1386 2465 1499 2548 agitur,
1519 2475 1551 2527 ut
1569 2463 1749 2533 uindicatur,

365 2591 424 2632 non
444 2583 477 2634 ut
491 2571 635 2636 domnum
649 2576 806 2638 scrantur.
832 2574 871 2638 cl.
887 2573 929 2639 ib.
948 2579 995 2638 15.
1010 2574 1039 2657 ξ.
1055 2576 1107 2639 46.

434 3221 683 3282 Semisseoulores
700 3226 828 3284 honores
844 3246 914 3284 suos
930 3229 986 3284 hoc
1001 3246 1077 3286 anno
1092 3228 1257 3302 gratulatus
1273 3232 1318 3286 est
1334 3228 1416 3286 Ordo
1431 3228 1684 3306 Philosophorum

746 3309 828 3370 Viris
844 3311 1016 3370 clarissimis
1032 3318 1122 3390 atquo
1138 3315 1249 3390 optime
1264 3313 1380 3372 meritis

547 3465 551 3472 '
647 3477 821 3539 cuonem
840 3480 1024 3540 rnrmmo
1041 3482 1281 3543 usunssnno
1300 3481 1473 3544 wnounn

368 3561 532 3621 conreotori
559 3564 711 3668 gymnasii
727 3565 904 3624 Dresdensis
925 3568 962 3626 nd
983 3569 1175 3711 zepppptostae
1198 3569 1301 3629 Crucis
1323 3587 1420 3645 nuper
1438 3567 1550 3643 insigni
1568 3587 1633 3628 oum
1657 3566 1747 3626 leude

766 3819 923 3878 CAROLO
948 3821 1131 3881 AUGUSTO
1154 3821 1358 3882 RUEDIGER

366 3899 476 3960 rectori
505 3901 655 3978 qnondam
686 3901 842 3980 Gymnasii
870 3905 1323 4052 Fresslzffiisifflitmim'
1354 3925 1434 3967 nuno
1461 3907 1495 3968 in
1524 3906 1587 3967 otio
1616 3905 1749 3966 litterato

623 4155 801 4216 HENRIOO
824 4159 1087 4221 FERDINANDO
1111 4161 1300 4236 THEAENO
1323 4161 1493 4220 FIEDLER

435 4255 530 4314 nuper
544 4240 631 4300 uerbi
646 4241 746 4301 diuini
761 4246 840 4320 apud
855 4245 1071 4306 Mohornenses
1087 4249 1225 4308 ministro
1242 4267 1356 4308 summa
1371 4267 1438 4306 cum
1453 4248 1541 4307 leude
1557 4245 1691 4318 emerito,

769 4413 958 4474 EDUARDO
978 4417 1180 4478 GUILELMO
1203 4417 1338 4480 LOEHN

240 4496 243 4502 '
367 4509 463 4568 nuper
479 4493 564 4552 uerbi
579 4494 679 4554 diuini
694 4499 774 4574 apud
791 4499 1234 4649 Ηοὴηεῐείῗξέἓὲεθῗὲὲριὶἒηοε
1255 4503 1407 4573 ministro,
1430 4521 1509 4560 nunc
1529 4501 1656 4560 maxima
1682 4519 1748 4562 oum

452 4745 582 4807 Honoris
600 4768 687 4808 causa
702 4751 910 4830 philosophiae
926 4757 1063 4817 doctores
1078 4779 1111 4818 no
1127 4760 1295 4834 liberalium
1310 4759 1419 4818 artium
1435 4758 1570 4833 magistri
1586 4761 1677 4820 creati
1692 4761 1748 4819 hoc

368 4849 444 4889 suno
465 4839 533 4892 sunt
552 4835 584 4892 in
606 4835 782 4895 celebrando
806 4839 855 4897 dia
877 4843 987 4901 mensis
1004 4845 1142 4905 Octobris
1157 4847 1251 4917 XIX,
1279 4865 1335 4922 quo
1360 4845 1410 4914 die
1430 4851 1498 4904 ante
1519 4851 1635 4906 centum
1656 4865 1748 4907 annos

368 4917 493 4977 Ioannes
511 4919 703 4996 Wollgongue
720 4923 835 4983 Goethe
855 4925 888 4984 in
907 4927 1024 4989 tabulas
1041 4931 1252 4992 Uninersitatis
1268 4931 1433 5010 Lipsiensis
1447 4931 1559 4992 relatus
1574 4938 1628 5006 est,

1524 5055 1539 5098 ³
