4880 6538
841 889 1286 960 *5-

369 1099 471 1150 cutem
487 1086 634 1150 Ioudnem
648 1099 797 1150 6666666
811 1111 905 1151 unum
918 1083 1029 1168 suurn?
1066 1085 1150 1160 Non,
1171 1089 1290 1172 opinor,
1312 1099 1372 1148 tom
1385 1075 1532 1166 inpudens
1551 1105 1632 1147 emes.
1661 1083 1759 1168 Atqui

371 1205 440 1266 uida
458 1227 495 1268 ne
514 1205 605 1268 multo
620 1227 696 1268 nunc
715 1208 754 1269 cis
772 1207 975 1288 inpudentior,
997 1205 1025 1268 ai
1046 1204 1136 1281 hacc,
1158 1204 1306 1286 inquam,
1329 1202 1527 1284 respicimus,
1550 1199 1636 1263 istud
1659 1221 1756 1264 mem·

369 1319 462 1384 brum
485 1322 649 1386 nonsatis
672 1323 745 1386 huic
768 1323 839 1386 Ioco
855 1325 1024 1387 conuenire
1046 1322 1149 1386 uideri
1171 1331 1291 1404 potest:
1315 1341 1427 1384 uerum
1449 1326 1555 1382 tamen
1571 1311 1766 1382 Ciceronem

370 1457 561 1520 aequoque
584 1440 690 1504 animo
713 1441 861 1516 uoluisse,
886 1461 969 1524 quae
991 1439 1099 1524 paullo
1122 1449 1197 1504 ente
1220 1444 1247 1523 6.
1264 1445 1313 1503 61.
1338 1447 1432 1502 erant
1454 1439 1554 1513 dicta,
1577 1443 1675 1519 utque
1698 1437 1758 1502 hoo

370 1555 550 1638 exemplum
576 1556 615 1620 de
635 1563 777 1622 'numero
799 1559 960 1624 homiuum
990 1569 1196 1652 armatorum,
1215 1565 1377 1640 sumptum
1405 1555 1516 1620 eodem
1546 1555 1655 1621 ordine
1684 1577 1757 1638 pro-

371 1673 526 1756 posuisse,
551 1696 614 1757 quo
630 1675 707 1740 illud
723 1678 840 1760 ipsum,
864 1678 948 1760 quod
972 1678 1091 1744 dictum
1115 1683 1187 1742 erut
1202 1676 1241 1740 de
1257 1678 1364 1754 armis,
1387 1679 1522 1757 apparet
1543 1694 1582 1738 ex
1603 1673 1651 1748 iis,
1676 1695 1759 1757 6666

370 1789 519 1874 deinceps
542 1797 571 1874 ξ.
589 1799 639 1858 63.
663 1795 836 1876 adduntur,
859 1804 896 1860 ut
910 1803 1018 1862 tamen
1034 1787 1172 1882 Kayscri'
1191 1797 1275 1861 ratio
1297 1793 1498 1878 inprobanda
1517 1792 1594 1856 mibi
1617 1811 1688 1856 6666
1709 1794 1768 1876 ui·⁴

369 1905 494 1972 dentur.
529 1909 612 1974 Illud
638 1917 763 1991 autem,
795 1915 882 1996 quod
904 1913 1055 1980 Baiter-us
1081 1935 1182 1997 nuper
1205 1915 1237 1977 in
1260 1914 1321 1977 hoo
1348 1912 1417 1976 loco
1439 1933 1498 1994 pro
1521 1911 1641 1988 uerbis,
1674 1932 1758 1996 quae

369 2025 401 2088 in
424 2025 516 2092 libris
539 2030 684 2096 omnibus
706 2033 753 2096 ita
775 2032 939 2115 leguntur:
962 2036 1093 2120 qood-
1113 2057 1190 2106 unua
1205 2035 1290 2096 lrorno
1306 2034 1409 2118 plures
1428 2054 1488 2097 cere
1504 2033 1632 2094 homines
1646 2034 1757 2096 iudico·

367 2157 483 2224 rentur,
507 2167 546 2210 ex
570 2148 762 2214 editionibus
785 2148 915 2214 Uenetis
939 2151 1183 2234 antiquissimis,
1211 2171 1292 2233 6666
1314 2151 1383 2232 ipse
1406 2150 1684 2247 commemorauit,
1707 2169 1756 2214 re·

367 2263 488 2343 posuit:
513 2269 594 2350 quod
606 2304 648 2316 -
660 2292 740 2331 unus
754 2270 841 2332 lzorno
854 2271 1030 2354 planescere
1045 2271 1173 2334 lrorninoa
1188 2270 1379 2344 iudicaretur,
1402 2274 1439 2331 ut
1464 2267 1514 2330 hic
1537 2288 1665 2350 666666
1688 2267 1757 2332 dia·

367 2377 501 2444 lecticae
516 2383 654 2465 regulas,
679 2386 794 2468 quibus
811 2387 922 2452 Cicero
944 2407 1022 2452 usus
1045 2387 1219 2466 uideretur,
1243 2385 1355 2450 melius
1379 2386 1515 2468 dirigere
1538 2385 1636 2449 uellet
1658 2406 1754 2469 quam

367 2495 435 2578 ipse
457 2507 582 2575 orator,
611 2501 644 2566 id
670 2504 772 2568 multo
796 2501 894 2568 etiam
916 2506 1020 2568 miuus
1049 2505 1188 2586 probare
1215 2525 1353 2588 possum.
1403 2503 1484 2568 Nam
1513 2506 1546 2568 in
1576 2505 1643 2566 eius
1670 2501 1756 2567 modi

367 2611 446 2678 Iocis
470 2623 506 2678 ut
528 2639 628 2699 genus
651 2621 697 2684 sic
713 2623 807 2684 etiam
830 2643 996 2688 numerum
1017 2623 1202 2704 praedicato
1225 2622 1421 2700 adsimulari,
1444 2643 1508 2686 non
1530 2620 1681 2696 subiecto,
1706 2641 1756 2685 sa·

368 2731 410 2794 tis
433 2739 542 2798 notum
567 2743 626 2814 est,
656 2737 736 2801 cons.
759 2739 794 2807 L.
819 2740 1023 2804 Rumshornii
1049 2765 1177 2825 promor.
1200 2743 1275 2804 Lat.
1299 2743 1325 2823 ᾖ.
1343 2747 1393 2804 97.
1416 2749 1480 2804 not.
1504 2749 1532 2804 4.
1567 2741 1600 2803 C.
1625 2739 1756 2823 Reisigii

366 2851 455 2914 sotici.
477 2875 497 2915 o
518 2851 682 2944 GHoosio
704 2861 802 2921 editos
824 2859 851 2940 ᾗ.
870 2861 929 2922 193
945 2877 992 2940 66.
1027 2858 1051 2920 I.
1068 2858 1106 2922 N.
1123 2837 1276 2942 Madui'gii
1289 2885 1337 2941 pr.
1353 2861 1459 2923 Latin.
1471 2857 1499 2940 ’5.
1517 2865 1596 2937 216,
1620 2878 1757 2941 quorum

369 2968 529 3034 hominum
553 2981 724 3056 praecepta
747 2975 854 3040 multis
878 2975 1031 3057 exenrplis
1053 2975 1147 3040 facile
1170 2982 1306 3058 possunt
1329 2977 1531 3058 conprobari.
1584 3003 1593 3024 ·

456 3087 488 3152 C.
513 3088 629 3154 XXIII.
661 3096 689 3172 §.
720 3098 770 3159 66.
798 3114 900 3176 nuper
921 3089 1071 3158 Baiterus
1094 3095 1238 3175 scripsit:
1274 3095 1388 3158 Fateor
1407 3118 1454 3159 me
1473 3095 1602 3160 hominen
1622 3099 1756 3180 6666666,

361 3207 462 3289 soteor
476 3231 616 3286 omnesne,
624 3213 727 3295 sotum·
741 3215 794 3275 titi
806 3225 929 3276 mortem
945 3235 1003 3276 aare
1017 3215 1193 3290 minitatum,
1204 3216 1310 3295 fateor
1324 3213 1396 3277 boec
1405 3205 1754 3298 interdr‘etnrn'prortorio

367 3325 582 3400 uindicandas,
603 3332 632 3392 si
650 3331 794 3392 uoluntas
816 3343 841 3394 ct
868 3331 1000 3415 aequitas
1022 3331 1121 3394 no'eot
1143 3335 1216 3408 eta,
1240 3329 1356 3411 quibus
1377 3329 1411 3392 in
1441 3329 1549 3394 uerbis
1572 3351 1606 3393 66
1629 3333 1675 3392 ait
1698 3329 1756 3392 Th.

368 3440 564 3508 Mommsenii
593 3449 776 3511 coniectura
804 3449 932 3510 ductum
962 3468 1042 3512 6666.
1088 3449 1192 3524 Quum
1219 3448 1364 3511 inlibris
1393 3447 1571 3530 plerisque,
1603 3449 1698 3516 atium
1722 3449 1755 3508 in

367 3561 530 3626 codicibus
547 3564 775 3647 Tegernseensi
800 3576 833 3632 et
849 3566 1045 3642 Erfurtcnsi,
1069 3569 1234 3640 uindicaui,
1258 3586 1321 3628 666
1343 3569 1538 3630 uindrboniree
1560 3564 1699 3644 legatur,
1722 3563 1756 3624 in

367 3679 547 3744 Geneuensi
561 3685 704 3758 indicari,
732 3685 763 3747 in
787 3685 988 3748 aliisautem
1011 3683 1101 3746 libris
1123 3685 1286 3756 uindicari,
1308 3686 1420 3746 uiolari
1440 3681 1635 3750 subsimilis
1654 3679 1756 3744 uerba

367 3797 553 3874 habeantur,
577 3821 639 3864 666
656 3801 784 3865 uidetur
799 3803 869 3865 ueri
889 3801 990 3864 simile
1006 3823 1026 3864 6
1042 3799 1197 3866 Cicerone
1218 3805 1415 3866 6666666666
1429 3821 1500 3864 6666
1514 3755 1756 3881 aestatumsed

366 3917 472 3996 potius
494 3921 657 3994 uindicari,
680 3939 742 4001 666
766 3925 799 3983 et
821 3919 935 3982 ductus
964 3918 1144 3982 litterarum
1174 3924 1206 3984 et
1229 3922 1388 3984 sententia
1409 3919 1497 4000 ipsa,
1526 3937 1609 4000 6666
1632 3927 1756 3999 tempus

366 4056 529 4116 praesens,
553 4059 616 4102 non
639 4041 817 4120 portentum
840 4039 986 4122 requIrit,
1010 4039 1077 4101 siue
1100 4038 1196 4102 dubio
1220 4038 1315 4114 ducit,
1340 4041 1372 4101 et
1390 4037 1418 4101 si
1439 4037 1472 4100 in
1494 4035 1585 4100 libris
1609 4036 1756 4100 omnibus

367 4154 483 4237 legitur
497 4159 690 4230 intrrdirtmn,
706 4178 767 4219 666
784 4161 952 4232 interdicto,
979 4175 1190 4220 commemoro
1212 4157 1244 4220 in
1269 4157 1318 4220 his
1340 4155 1531 4232 nominibus,
1553 4175 1636 4238 6666
1659 4174 1755 4236 saepe

366 4293 498 4352 numero
514 4297 572 4356 per
587 4281 679 4338 notas
695 4276 791 4339 scribi
807 4275 960 4354 solebant,
982 4275 1110 4356 saepius
1133 4275 1165 4337 in
1181 4274 1457 4338 terminationibus
1473 4273 1666 4336 mutationes
1683 4292 1755 4336 6666

368 4399 470 4470 ortas,
493 4399 530 4456 ut
550 4393 703 4456 librorum
725 4395 909 4458 auctoritati
933 4394 1065 4458 multum
1085 4395 1117 4458 in
1140 4415 1178 4457 ea
1200 4415 1236 4456 re
1258 4391 1461 4456 tribuendum
1485 4413 1547 4454 666
1571 4391 1621 4454 sit.
1661 4389 1754 4464 Quod

366 4532 461 4592 quum
479 4513 525 4576 itu
542 4513 591 4586 sit,
608 4513 703 4576 credo
719 4534 779 4594 ego
797 4513 980 4576 Ciceronem
998 4513 1078 4575 haec
1093 4512 1193 4575 uerba
1208 4511 1283 4575 oIIm
1298 4511 1343 4574 ita
1359 4509 1542 4592 scripsisse:
1563 4512 1666 4594 sottor
1682 4511 1753 4574 boec

366 4619 519 4694 inierdicto
535 4636 605 4712 (aut
625 4631 721 4696 etiarn
735 4657 792 4716 per
805 4634 1006 4700 interdictum)
1021 4635 1165 4715 praetoria
1180 4633 1344 4702 uindicari,
1365 4632 1392 4692 ci
1412 4631 1553 4696 uoluntas
1570 4642 1595 4692 rt
1617 4634 1755 4716 arquitur

364 4751 466 4814 notent
492 4754 553 4812 etc.
597 4750 678 4814 Nam
709 4751 781 4814 boec
808 4771 825 4813 c
849 4749 957 4813 codice
981 4749 1160 4814 Erfnrtensi
1183 4749 1399 4830 recipiendum
1428 4767 1498 4810 6666
1525 4767 1653 4824 666666,
1680 4750 1754 4829 quio

366 4868 510 4952 singulae
533 4868 608 4936 iIIae
631 4891 698 4946 res,
718 4889 802 4950 quae
825 4876 918 4932 eraut
939 4869 1132 4950 propositae,
1156 4866 1381 4948 intelleguntur
1403 4878 1435 4929 et
1456 4867 1521 4940 Iron,
1546 4866 1633 4948 quod
1656 4872 1706 4929 est
1720 4867 1753 4928 in
