4880 6538
385 1180 478 1256 pater,
508 1177 541 1236 in
566 1167 772 1255 philosophiae
797 1175 955 1247 Drobisch,
981 1176 1013 1234 in
1038 1175 1268 1248 meteorologiae
1290 1177 1425 1247 Bruhns,
1451 1178 1484 1236 in
1512 1178 1656 1237 historiae
1683 1177 1770 1238 disci-

385 1263 478 1340 plinis
490 1263 693 1333 Wachsmuth,
709 1261 837 1331 Wnttlre,
855 1261 960 1318 Flathe
977 1261 1041 1320 eius
1060 1266 1264 1338 praeceptores
1279 1261 1408 1323 luerunt.
1439 1265 1598 1324 Praeterea
1613 1263 1772 1324 seminaria

343 1383 345 1387 ,
387 1348 530 1408 Hanlselii
544 1349 638 1426 patris
653 1352 684 1406 ct
699 1346 874 1406 Scheibneri
890 1346 1101 1422 frequentauit.

857 1463 1102 1525 ABRAHAIIUS
1126 1465 1295 1523 asanaa
1556 1521 1559 1528 ,

386 1563 474 1611 natus
503 1551 645 1631 Rybnicii
669 1551 702 1610 in
728 1549 836 1609 Silesia
860 1551 1014 1626 superiore
1040 1553 1070 1608 d.
1095 1550 1129 1608 V.
1158 1569 1249 1608 mons.
1272 1551 1336 1608 Ian.
1364 1551 1513 1609 XXXIX.
1540 1556 1624 1628 patre
1651 1553 1771 1612 Simone

386 1639 526 1707 Rahmer,
542 1647 636 1696 matre
651 1635 777 1694 Mariae
801 1639 889 1709 genta
905 1635 1038 1696 Reichia.
1070 1635 1233 1694 Paruulum
1253 1635 1285 1693 in
1306 1637 1408 1694 schola
1427 1636 1522 1712 patria
1539 1637 1576 1694 Η.
1593 1637 1686 1710 Bittig
1702 1657 1767 1696 can·

386 1723 508 1782 didatus
534 1721 701 1796 theologiae
724 1719 914 1795 euangelicae
937 1727 1025 1798 etqua
1055 1721 1145 1779 sacris
1170 1721 1302 1779 Iudaicis
1330 1721 1499 1797 disciplinis
1529 1725 1559 1780 et
1590 1721 1692 1796 lingna
1714 1724 1772 1782 He·

384 1809 484 1868 braica
499 1809 532 1866 L.
550 1807 716 1866 Karianlsel
732 1807 917 1865 erudiebant.
941 1808 1016 1865 Tum
1030 1806 1191 1864 Gliuicinm
1207 1806 1240 1863 in
1255 1807 1440 1882 gymnasium
1456 1807 1564 1865 missus
1580 1812 1611 1866 et
1625 1808 1771 1867 absolutis

387 1895 534 1954 secundae
547 1893 651 1952 classis
664 1891 774 1950 scholis
786 1892 818 1949 in
828 1891 1019 1950 seminarium
1032 1891 1364 1966 iudaice-theologicum
1376 1892 1611 1951 Uratislauiense
1624 1893 1771 1962 discessit,

386 1999 444 2057 quo
460 1979 493 2037 in
508 1978 668 2038 seminario
684 1983 889 2053 praeceptores
905 1977 1108 2054 eiusiuerunt
1122 1976 1261 2048 Frankcl,
1277 1978 1391 2044 Graetn,
1403 1979 1544 2054 Bernays‚
1560 1977 1633 2051 IoeI,
1646 1980 1771 2037 Zuclser·
1792 2035 1813 2056 Ι,

386 2083 483 2124 mann.
515 2066 587 2122 Post
604 2063 834 2138 quadriennium
851 2064 906 2119 hoc
921 2062 1112 2120 seminarium
1128 2061 1252 2137 reliquit
1273 2069 1304 2120 et
1327 2063 1462 2122 examine
1486 2082 1576 2138 quum
1598 2063 1630 2120 in
1651 2063 1770 2122 iudaieo

385 2160 449 2208 tum
470 2149 503 2208 in
525 2148 670 2206 catholico
692 2147 851 2205 seminario
871 2146 948 2205 iacto
966 2146 1126 2205 Cattouicii
1151 2165 1272 2204 munere
1295 2147 1429 2222 magistri
1450 2147 1569 2206 iunctus
1590 2153 1635 2206 est
1662 2153 1693 2206 et
1708 2169 1771 2206 ora·

383 2235 483 2294 tiones
499 2233 685 2292 homileticas
701 2233 814 2300 habuit,
831 2236 933 2309 postea
949 2233 1038 2291 etiam
1054 2231 1245 2308 IIysIowisiI.
1276 2233 1423 2309 Deinceps
1439 2233 1563 2306 Pragam
1580 2252 1612 2291 se
1629 2233 1765 2306 contulit,

384 2324 419 2378 nt
434 2320 534 2378 studia
549 2317 763 2396 philosophiae,
781 2317 948 2391 theologiae
963 2317 1114 2388 Iudaicae,
1137 2317 1280 2376 historiae
1301 2317 1411 2376 coleret
1433 2318 1535 2394 ibique
1560 2327 1767 2395 praeceptores

386 2404 719 2473 einsfueruntHoeerr,
728 2403 841 2475 Loewe,
852 2405 931 2471 Petr,
941 2403 1281 2475 Paddesak‚Vollrmann,
1290 2403 1425 2480 Kaempi,
1433 2403 1578 2481 Wessely,
1587 2405 1768 2481 Rappopcrt.

872 2521 1122 2580 THEOPHILUS
1146 2521 1282 2580 NOACK

385 2614 472 2667 natus
488 2609 518 2665 d.
533 2607 603 2665 XX.
625 2627 715 2666 mens.
734 2607 814 2684 Sept.
836 2627 861 2664 a.
878 2607 942 2664 XL.
964 2607 996 2664 in
1019 2606 1085 2665 uico
1103 2607 1308 2665 Wusterbarth
1331 2605 1363 2665 in
1385 2607 1559 2665 Pomerania
1579 2612 1662 2684 patre
1687 2609 1770 2667 Gott-

385 2695 445 2752 hili
465 2695 580 2764 Noack,
602 2692 688 2750 uerbi
712 2693 811 2750 diuini
832 2691 984 2762 ministro,
1007 2697 1038 2750 et
1060 2697 1152 2750 matre
1166 2692 1261 2750 Maria
1285 2709 1302 2749 e
1324 2697 1412 2766 gente
1435 2692 1611 2764 Ileineckia,
1640 2695 1768 2770 primum

385 2783 501 2856 epatre
516 2779 688 2849 institutus,
705 2778 846 2854 deinceps
861 2777 893 2834 in
908 2777 1027 2834 tertiam
1043 2777 1167 2836 classem
1182 2777 1330 2854 gymnasii
1344 2777 1563 2836 Cussalinensis
1579 2786 1695 2837 rectore
1712 2781 1768 2837 ad·

384 2864 448 2922 lero
463 2869 600 2940 receptus
616 2869 668 2922 est.
700 2864 773 2920 Post
788 2868 929 2939 quattuor
944 2881 1037 2920 annos
1053 2862 1162 2920 studiis
1178 2863 1326 2940 gymnasii
1347 2862 1492 2920 absolutis
1510 2863 1601 2921 Hales
1613 2865 1769 2931 {Saxonum
1807 2899 1811 2906 -

386 2969 416 3008 se
433 2949 565 3020 contulit,
583 2967 641 3025 qua
657 2949 689 3006 in
704 2948 902 3006 uniuersitate
917 2947 1084 3006 litterarum
1104 2966 1157 3023 per
1173 2953 1284 3024 septem
1301 2948 1455 3006 semestris
1468 2947 1658 3024 philologiae,
1676 2949 1769 3027 philo·

385 3035 515 3110 sophiae,
528 3033 670 3092 historiae
683 3034 816 3091 studium
826 3033 1015 3109 potissimum
1029 3033 1122 3091 coluit
1133 3037 1163 3089 et
1174 3033 1370 3110 Bernhardyi,
1384 3033 1512 3106 Berglrii,
1526 3034 1627 3106 Pettii,
1639 3035 1770 3104 Sabadii,

385 3119 561 3188 Ilrdmanni,
578 3119 736 3188 Schelleri,
761 3119 928 3188 Tholnchii,
944 3117 1141 3186 Duemmleri,
1159 3118 1347 3192 Hertzbergii
1369 3119 1480 3176 sobolis
1500 3119 1640 3177 interfuit
1665 3125 1695 3178 et
1715 3139 1769 3197 per

384 3205 517 3281 quinque
533 3204 687 3262 semestris
705 3203 856 3260 seminarii
877 3202 1068 3278 philologici,
1091 3221 1143 3278 per
1159 3204 1218 3259 duo
1238 3203 1390 3260 seminarii
1407 3203 1542 3262 historici
1567 3205 1679 3263 sodalis
1696 3206 1769 3265 fuit.

384 3290 507 3348 ‘lumin
528 3289 629 3347 schola
645 3287 1026 3359 Friderico·GnileImiana,
1049 3305 1125 3362 quae
1146 3293 1191 3344 est
1207 3287 1312 3344 Sedini
1333 3287 1365 3343 in
1380 3288 1569 3360 Pomerania,
1594 3303 1768 3366 praeceptor

384 3375 541 3433 institutus
563 3379 617 3454 est²
660 3373 803 3432 Examina
828 3373 912 3431 Halis
933 3391 1032 3430 mense
1057 3372 1179 3430 Octobri
1203 3391 1228 3428 a.
1250 3372 1363 3432 LXIII.
1384 3378 1521 3449 superato
1543 3393 1612 3432 mox
1635 3375 1666 3432 in
1688 3396 1768 3453 gym-

386 3461 502 3518 nasium
514 3459 732 3527 Cussalineuse,
750 3459 829 3535 qnod
846 3458 934 3516 floret
948 3462 1063 3516 rectore
1075 3457 1221 3530 Roedero,
1239 3461 1360 3516 uocatus
1373 3462 1403 3516 et
1417 3463 1590 3536 praeceptor
1605 3461 1768 3537 superioris

386 3546 502 3605 ordinis
517 3545 613 3604 iactus
629 3550 683 3604 est.
1071 3543 1080 3558 ¹

870 3629 1047 3688 BASILIUS
1071 3627 1282 3686 PSYLLACIS

384 3719 472 3774 natus
484 3713 630 3790 Nauplius
647 3735 670 3773 a.
683 3714 843 3784 XXXIII,
862 3714 894 3771 in
907 3713 1066 3790 Gymnesio
1078 3713 1255 3789 Naupliensi
1270 3717 1387 3772 rectore
1400 3713 1434 3771 G.
1447 3712 1602 3772 Gennadio
1618 3715 1764 3786 eruditus,

289 3863 291 3868 ,
386 3801 416 3860 in
444 3799 669 3858 nuiser'sitatem
697 3799 756 3858 litt.
780 3799 994 3856 Atheniensem
1018 3798 1139 3856 transiit
1164 3798 1268 3874 ibique
1293 3798 1475 3874 philologiae
1501 3803 1531 3856 et
1556 3798 1766 3877 philosophiae

386 3885 617 3964 quadriennium
641 3903 759 3961 operam
782 3885 878 3956 dedit,
906 3883 999 3942 rediit
1023 3883 1162 3960 deinceps
1184 3885 1216 3940 in
1240 3884 1382 3959 patriam,
1411 3879 1445 3942 ut'
1467 3885 1585 3942 scholae
1606 3888 1765 3962 praeesset,

384 3977 489 4054 postea
504 3971 623 4030 adiutus
639 3989 656 4028 a
671 3971 738 4029 uiro
755 3969 919 4028 clarissimo
936 3969 1088 4030 Demetrio
1104 3969 1286 4028 Bernardaki
1308 3987 1333 4027 a.
1350 3968 1608 4047 LX1II.Lipsiam
1631 3971 1716 4029 uenit
1737 3977 1769 4029 ut

385 4057 485 4116 studia
500 4077 554 4115 sua
569 4056 748 4116 absolueret.

816 4157 994 4216 canctus
1016 4157 1212 4217 sanamus
1234 4139 1340 4215 naun

385 4247 472 4304 natus
489 4243 728 4312 Stralesundiae,
754 4243 781 4300 d.
797 4243 884 4302 XIII.
908 4261 999 4301 mens.
1015 4243 1102 4301 Febr.
1127 4261 1151 4300 a.
1169 4242 1302 4300 XLIIII.
1326 4250 1409 4319 patre
1430 4242 1678 4302 Francisoo-Ethe
1700 4261 1768 4317 geo·

386 4335 494 4398 metra,
523 4335 616 4388 matre
641 4327 790 4387 Matbilda
813 4347 828 4386 e
849 4333 936 4402 gente
960 4329 1060 4404 Lappa
1085 4345 1161 4405 puer
1186 4327 1325 4386 undecim
1351 4347 1495 4386 annorum
1524 4329 1556 4386 in
1581 4328 1767 4404 gymnasium

386 4414 647 4473 Stralesundiense
673 4416 819 4472 deductus
846 4419 899 4472 est.
940 4414 1007 4472 Hoc
1030 4413 1063 4472 in
1098 4411 1250 4489 gymnasio
1275 4412 1392 4472 circiter
1418 4417 1483 4470 octo
1510 4431 1603 4471 annos
1630 4418 1767 4471 uersatus

386 4503 527 4558 autumno
554 4519 580 4558 a.
603 4499 698 4558 LXII.
725 4499 758 4556 in
785 4499 1013 4558 uniuersitatem
1038 4499 1205 4557 litterarum
1235 4495 1544 4575 Gryphisweldensem
1573 4515 1604 4556 se
1632 4497 1767 4585 contulit,

387 4588 421 4645 ut
445 4583 627 4660 philologiae
654 4585 793 4644 classicae
820 4602 939 4658 operam
962 4585 1057 4642 daret.
1095 4583 1154 4642 Sed
1180 4583 1268 4660 paulo
1294 4588 1361 4660 post
1382 4583 1552 4640 litterarum
1577 4581 1767 4641 orientalium

386 4669 487 4729 studio
504 4670 664 4728 deuinctus
679 4675 710 4728 et
725 4669 905 4726 rudimentis
926 4668 1046 4742 linguae
1062 4669 1207 4726 Arabicae
1228 4671 1345 4728 duobus
1367 4667 1559 4726 semestribus
1579 4669 1767 4744 pertractatis

385 4755 550 4814 Illeiscberi
570 4754 666 4814 nostri
688 4753 748 4812 uiri
768 4753 928 4812 clarissimi
952 4753 1031 4812 sama
1051 4755 1157 4812 ductus
1172 4754 1303 4831 Lipsiam
1325 4753 1480 4828 migrauit,
1496 4757 1527 4812 et
1549 4754 1598 4812 hio
1613 4754 1766 4824 Ahrensii,

386 4841 514 4912 Krehlii,
531 4840 647 4911 'Inchih
664 4838 801 4916 inprimis
816 4837 982 4898 Fleisoheri
1003 4843 1035 4898 et
1048 4839 1246 4898 Broolrhausii
1264 4839 1376 4898 scholis
1396 4839 1540 4898 interluit
1582 4840 1767 4916 Quamquam

385 4926 442 4985 hoo
466 4926 599 4998 biennio,
620 4945 679 5003 quo
698 4923 977 5002 Lipsiae-uersatus
1001 4929 1061 4996 est,
1091 4943 1122 4984 se
1147 4925 1190 4984 ait
1212 4925 1327 4998 linguas
1351 4925 1574 4995 Senseriticam,
1598 4927 1766 4995 ZendIoam,
