4880 6538
354 2393 422 2490 Ad
448 2445 501 2503 ea,
532 2443 614 2510 quae
641 2424 805 2606 we
834 2423 911 2489 locis
934 2423 1123 2507 quibusdam
1148 2422 1328 2498 Ciceronis,
1360 2425 1413 2505 qui
1442 2423 1474 2488 in
1503 2424 1572 2492 eius
1594 2397 1742 2488 oratione

353 2543 545 2608 Caeciniane
568 2543 640 2626 legu
678 2565 724 2619 ur,
748 2541 895 2620 diximus,
919 2543 1085 2608 hassiam
1108 2541 1327 2626 adiungamus.
1428 2578 1430 2590 =
1585 2615 1597 2624 ⁸
1710 2561 1712 2569 ’
1772 2529 1776 2539 ’

441 2661 474 2726 G.
497 2661 578 2726 XVI.
601 2661 628 2744 ξ.
644 2667 693 2728 47.
717 2662 774 2728 Io.·
788 2661 905 2745 Georg.
926 2661 1076 2726 Baiterus
1097 2662 1131 2725 in
1153 2660 1260 2726 uerbis
1283 2661 1348 2724 his:
1379 2661 1490 2727 deensi
1509 2665 1595 2726 arrius
1619 2636 1744 2724 leonnato

354 2783 411 2848 telo
420 2783 614 2870 portaretur.-
635 2783 761 2846 deieotos
781 2784 970 2867 damnoque
988 2805 1064 2846 som.
1079 2798 1138 2864 pro
1155 2799 1202 2857 eo,
1226 2777 1312 2862 quod
1328 2783 1378 2844 est
1392 2779 1425 2844 io
1447 2779 1547 2856 libris,
1569 2781 1741 2868 perterritus

356 2900 397 2965 de
419 2899 600 2966 coniectura
622 2919 683 2964 sua
705 2900 834 2982 scripsit
850 2902 1039 2986 protervitas.
1076 2897 1113 2962 Id
1129 2874 1261 2986 probari
1282 2897 1368 2964 nullo
1391 2897 1487 2962 modo
1510 2903 1626 2981 potest.
1660 2895 1744 2988 Nam

356 3023 393 3084 ut
423 3017 633 3082 concedamus
657 3017 787 3101 perleue
816 3017 987 3082 discrimen
1009 3018 1042 3080 in
1063 3017 1155 3082 libris
1176 3037 1274 3082 manu
1305 3017 1433 3100 seriptis
1462 3037 1532 3080 esse
1554 3015 1639 3080 inter
1660 3035 1687 3106 p
1712 3019 1745 3079 et

330 3159 390 3232 p,
412 3135 527 3221 quibus
555 3136 639 3200 notis
662 3161 722 3224 pro
745 3142 778 3200 et
794 3159 854 3222 prr
875 3136 1129 3218 praepositiones
1155 3133 1330 3218 significari
1357 3141 1469 3200 uotum
1492 3142 1559 3213 est,
1588 3139 1625 3198 ut
1649 3133 1746 3198 etiarn

315 3267 318 3274 ’
357 3255 438 3320 illud
461 3253 681 3332 concedamus,
706 3275 803 3338 quum
825 3254 857 3318 iu
880 3254 996 3318 ceteris
1013 3253 1175 3319 Ciceronis
1198 3254 1326 3336 scriptis
1349 3258 1416 3318 tum
1438 3251 1471 3316 in
1494 3253 1555 3318 hac
1577 3254 1649 3336 ipsa
1674 3259 1750 3317 ora·'

358 3377 446 3440 tione
461 3373 558 3438 verba
573 3373 652 3438 haec
669 3385 835 3460 perterrere
849 3379 883 3436 et
891 3385 1063 3460 proterrere
1076 3371 1161 3435 iuter
1176 3391 1211 3435 se
1226 3372 1353 3455 saepius
1370 3391 1441 3436 csse
1457 3377 1661 3448 commutata,
1681 3369 1749 3434 uel-

358 3494 407 3558 uti
438 3497 467 3572 9,
496 3497 556 3566 24,
590 3491 645 3556 ubi
673 3491 856 3558 auctoribus
882 3489 994 3574 Aquila
1022 3490 1165 3555 Romano
1201 3493 1237 3556 de
1257 3493 1370 3574 fipnris
1398 3493 1610 3555 enecatorum
1638 3489 1665 3572 ξ.
1697 3493 1748 3554 29.

360 3633 390 3694 p.
416 3615 534 3688 31,15.
566 3610 615 3674 ed.
639 3609 743 3674 Halm.
769 3615 801 3673 et
828 3610 936 3675 codice
959 3609 1191 3693 Tegeruseeusi
1218 3613 1307 3672 recte
1336 3629 1419 3674 nunc
1446 3607 1488 3673 eb
1511 3607 1655 3672 omuibus
1688 3607 1750 3670 ori-

361 3731 434 3794 onis
457 3728 632 3812 repositum
655 3735 718 3794 est:
738 3732 838 3816 ferro,
859 3733 965 3814 spor,
979 3731 1084 3816 fmo,
1106 3741 1134 3794 o
1151 3730 1205 3794 hoc
1229 3731 1296 3793 aaa
1313 3731 1345 3792 a
1366 3729 1490 3806 scaea,
1512 3729 1752 3810 proretasque
1877 3706 1882 3716 '

358 3851 522 3934 proterret.
550 3853 596 3926 ll,
611 3853 669 3926 31,
693 3847 747 3912 ubi
771 3847 809 3913 dc
833 3847 944 3912 Orellii
966 3835 1151 3914 conffictura
1173 3847 1329 3930 scriptum
1352 3851 1414 3910 est:
1439 3847 1482 3920 Is,
1505 3849 1665 3931 quiormr'a
1679 3869 1752 3932 pro·

362 3971 490 4041 territus,
505 3968 649 4052 saporus,
669 3969 778 4053 pulsus
799 3979 849 4042 est,
871 3991 931 4031 non
950 3969 1068 4032 uidetur
1089 3989 1148 4031 esse
1170 3964 1313 4032 ddecus?
1337 3971 1390 4042 13,
1408 3970 1467 4042 37,
1490 3964 1544 4029 ubi
1568 3985 1585 4028 e
1608 3965 1753 4029 codicum

364 4081 616 4168 Tegeruseensis'
643 4091 676 4149 et
704 4085 902 4150 Erfurtensis
930 4085 1113 4150 testimonio
1140 4105 1223 4150 nuno
1250 4090 1337 4149 recte
1366 4083 1486 4148 editum
1517 4088 1579 4148 est:
1612 4087 1698 4149 si-
1724 4097 1755 4148 to

363 4204 443 4268 rotro
458 4205 618 4289 prohibitu
639 4217 667 4270 et
689 4229 708 4268 a
731 4209 789 4268 coir
805 4207 927 4269 aedibus
948 4208 982 4268 oi
1000 4217 1087 4291 arque
1107 4209 1201 4269 armis
1216 4207 1392 4291 pretonico
1408 4205 1512 4285 (eris),
1535 4207 1643 4266 tamen
1666 4201 1753 4267 illius
1779 4263 1790 4275 ,

364 4321 443 4398 loci,
474 4321 513 4386 de
536 4343 599 4404 quo
627 4298 678 4386 hic
701 4323 824 4408 agitur,
855 4322 919 4386 alia
945 4324 1029 4387 ratio
1052 4329 1111 4388 est.
1152 4323 1194 4386 In
1222 4324 1282 4386 hoc
1305 4324 1387 4389 euim
1410 4322 1480 4386 loco
1503 4327 1608 4385 motus
1633 4321 1753 4406 signifi-

366 4440 462 4519 catio,
487 4461 569 4523 quee
592 4442 624 4506 iu
641 4441 755 4506 ceteris
771 4442 851 4506 locis
866 4442 1104 4524 praepositione
1124 4440 1283 4525 loquelari
1302 4465 1361 4528 pro
1383 4441 1572 4514 continetur,
1595 4439 1659 4502 iam
1683 4440 1755 4522 ipso

366 4557 468 4622 uerbo
497 4562 606 4624 decessi
633 4561 711 4624 satis
741 4561 926 4635 denotatur,
956 4564 994 4623 ut
1015 4563 1191 4646 protentos
1212 4579 1270 4642 pro
1293 4563 1470 4646 perterritus
1492 4579 1556 4623 non
1578 4559 1680 4642 magis
1703 4557 1757 4622 hic

368 4677 573 4742 scribendum
594 4678 692 4742 fuerit
714 4677 862 4765 quamsi·
878 4678 949 4762 quis
976 4683 1023 4756 17,
1039 4685 1099 4756 49,
1122 4679 1176 4744 ubi
1198 4679 1267 4742 iure
1287 4679 1318 4742 in
1340 4677 1431 4742 libris
1448 4677 1600 4742 habetur:
1624 4681 1705 4744 ei—
1722 4702 1758 4743 ar

369 4821 401 4861 ro
416 4800 476 4862 Ioco
491 4811 567 4862 metu
587 4811 741 4884 perunctus
760 4800 889 4884 suprascr,
906 4811 1066 4884 promotos
1087 4817 1146 4880 pro
1163 4811 1316 4883 permotus
1338 4796 1479 4861 scribere
1503 4797 1609 4862 uellet.
1647 4795 1758 4860 Laudo

369 4915 468 4998 igitur
491 4915 524 4980 O.
542 4917 575 4979 L.
592 4915 778 5000 Kayserum,
804 4917 892 5002 quod
915 4917 975 4981 hoc
997 4917 1068 4981 loco
1085 4916 1207 4980 Baiteri
1223 4916 1437 4980 coniecturam
1462 4923 1591 4980 secutus
1614 4936 1676 4980 non
1700 4919 1760 4977 est.

621 5027 626 5034 .
1520 5019 1553 5069 l,
