4880 6538
809 951 936 1010 ξ..
1013 971 1060 1044 33
1113 1001 1139 1012 ..
1195 1003 1267 1010 ---

350 1175 511 1236 Academia
525 1175 786 1254 PoppelsdorIcnsi
802 1197 866 1236 cum
883 1179 1077 1238 uniuersitate
1093 1179 1151 1238 litt.
1167 1177 1316 1238 Bonnensi
1334 1177 1497 1234 consociata
1506 1222 1515 1252 ‚
1533 1183 1594 1234 tum
1612 1177 1724 1238 Gissac.

349 1248 436 1320 idelis
452 1261 610 1335 Saxonum,
628 1263 745 1339 Lipsiae
762 1264 938 1338 diligentius
953 1265 1101 1324 tractauit.

792 1375 1002 1436 ADOLPHUS
1031 1373 1283 1436 etenensium*

349 1456 701 1516 natued.1.mens.1ul.
722 1477 747 1515 e.
767 1457 857 1517 XLV.
889 1461 972 1520 I’esti
991 1468 1075 1538 patre
1090 1459 1242 1537 Leopoldo
1268 1463 1443 1532 mercatore,
1466 1465 1558 1516 matre
1574 1455 1727 1514 Ludouica

351 1563 367 1600 e
383 1551 470 1618 geute
480 1543 619 1603 Weisaia.
643 1543 791 1603 Moesicae
802 1543 978 1621 disciplinae
990 1549 1127 1606 addictus
1139 1565 1213 1624 puer
1227 1547 1385 1604 admodum
1401 1543 1531 1618 linguam
1540 1543 1726 1608 Hebraicani,

349 1639 412 1686 tum
432 1629 631 1704 Hungarieam
653 1637 684 1688 ct
703 1629 905 1692 Germanicum
926 1633 1050 1706 didicit,
1078 1653 1146 1690 mox
1169 1631 1258 1691 etiam
1284 1631 1393 1690 litteris
1418 1630 1538 1688 Graecis
1561 1635 1591 1686 et
1611 1627 1726 1684 Latinis

351 1733 469 1792 operam
490 1715 574 1772 dedit
596 1723 626 1787 et
647 1715 782 1774 examine
806 1717 838 1774 in
860 1719 1014 1793 gymnasio
1038 1720 1116 1796 apud
1133 1719 1241 1776 Patres
1262 1717 1327 1794 pios
1347 1717 1428 1775 Pesti
1449 1715 1583 1773 absoluto
1608 1714 1640 1770 in
1657 1717 1727 1770 Ger-

349 1800 477 1858 maniam
498 1801 730 1877 molestasset,
753 1805 787 1860 ut
801 1802 970 1876 linguarum
992 1825 1026 1864 ac
1048 1804 1255 1882 philosophiae
1272 1804 1403 1861 studium
1420 1802 1545 1870 coleret,
1561 1805 1593 1882 et
1608 1819 1667 1856 uno
1684 1817 1728 1856 se·

348 1887 452 1944 mestri
480 1886 598 1962 Lipsiae
628 1887 816 1963 potissimum
846 1889 1057 1952 Drobisohium
1090 1890 1221 1961 audiuit,
1252 1895 1313 1947 tum
1345 1887 1478 1948 Berolini
1501 1887 1576 1943 duce
1601 1885 1727 1942 Webero

348 1971 481 2046 linguam
498 1971 677 2030 Senseritam
694 1973 808 2031 discere
824 1975 949 2034 studuit.
972 1977 1161 2034 Postanuurn
1177 1993 1336 2050 perunum
1353 1981 1495 2031 semestre
1511 1970 1728 2042 Heidelbergae

349 2057 500 2116 Edessero
521 2057 710 2133 potissimum
733 2077 851 2134 operam
867 2061 964 2132 dedit,
992 2061 1123 2138 Lipsiam
1149 2079 1288 2118 reuersus
1311 2078 1365 2135 per
1383 2059 1442 2116 tria
1464 2055 1617 2114 semestris
1633 2055 1728 2113 madi·

350 2143 432 2200 oinae
465 2142 522 2200 arti
549 2148 579 2201 et
608 2143 839 2219 paedagogicae‚
865 2145 934 2204 haic
968 2145 1156 2223 potissimum
1190 2145 1300 2204 Zillero
1340 2145 1428 2216 duce,
1470 2141 1602 2200 studium
1641 2154 1727 2198 sirum

349 2227 470 2288 dicauit.
1709 2257 1712 2262 ·

586 2311 754 2372 nameus
776 2315 1021 2374 nauunuuus
1044 2303 1247 2376 edenenas
1272 2313 1497 2374 scunnmua
1758 2379 1760 2386 .

350 2401 439 2456 natus
454 2416 479 2454 e.
493 2396 591 2456 XLII.
608 2398 925 2458 Markneukircheniae
939 2401 972 2457 in
988 2401 1096 2477 oppido
1109 2401 1259 2461 Uerisciae
1272 2399 1442 2471 Saxonieae,
1457 2415 1548 2474 quum
1558 2413 1641 2466 auus,
1657 2400 1727 2468 Aug.

350 2481 426 2554 leui,
444 2483 496 2558 qui
510 2483 622 2560 iudicio
637 2485 720 2558 regio
735 2487 878 2561 praeerat,
896 2493 925 2544 et
940 2491 1025 2561 pater
1038 2487 1195 2546 consilium
1204 2485 1352 2564 cepissent
1360 2501 1426 2543 oum
1442 2484 1505 2542 suis
1519 2483 1551 2540 in
1563 2480 1728 2540 Amerioam

352 2567 510 2642 migrandi,
527 2567 561 2626 in
576 2569 693 2627 Oceano
710 2575 741 2628 et
755 2589 843 2628 auum
859 2575 889 2630 et
910 2575 1034 2630 mahom
1054 2577 1147 2632 morte
1165 2573 1273 2631 amisit.
1320 2573 1407 2629 Pater
1429 2589 1520 2646 quum
1539 2569 1614 2624 duos
1636 2585 1729 2623 annos

350 2653 479 2732 primum
494 2653 527 2711 in
542 2654 665 2712 ciuitate
687 2655 805 2714 Texana
825 2664 888 2714 tum
908 2656 941 2716 in
964 2657 1087 2718 ciuitate
1105 2658 1286 2718 Eborecensi
1307 2675 1386 2716 noua
1407 2650 1728 2730 (Now-yorktoom·

350 2743 483 2800 moratus
499 2745 587 2807 esset,
603 2740 696 2798 altero
712 2739 775 2800 filio
791 2747 821 2800 et
835 2742 898 2800 filia
912 2742 1029 2802 emissis
1045 2743 1109 2820 ipse
1125 2763 1216 2821 quum
1236 2743 1334 2802 animo
1356 2733 1418 2800 tum
1441 2757 1562 2816 corpore
1578 2739 1729 2796 coniectus

349 2825 382 2884 in
397 2825 546 2902 Europam
560 2825 653 2884 rediit
668 2845 694 2883 a.
711 2825 759 2884 LI.
777 2827 884 2886 comite
899 2827 998 2888 lllrioo
1014 2833 1117 2888 nostro
1131 2829 1187 2888 IX.
1203 2847 1296 2888 annos
1311 2832 1390 2886 nato.
1414 2827 1522 2884 Postea
1536 2843 1610 2900 puer
1624 2821 1727 2880 Xllll.

351 2929 444 2968 annos
459 2916 547 2968 natus
562 2911 698 2970 alumnus
713 2911 746 2970 in
762 2912 864 2971 schole
878 2913 959 2986 regia
976 2913 1125 2974 Grimeusi
1146 2934 1199 2974 sex
1221 2933 1314 2972 annos
1334 2915 1488 2984 uersatus,
1504 2911 1575 2970 iude
1591 2928 1615 2968 a.
1633 2907 1727 2964 LXll.

351 2995 484 3073 Lipsiam
499 2996 594 3069 uenit,
611 3002 644 3054 ut
659 2997 841 3073 philologiae
855 3017 974 3074 operam
990 3000 1083 3058 daret.

766 3109 943 3167 IOANNES
966 3109 1307 3169 KOHLSGHUETTER

354 3197 442 3250 natus
458 3193 485 3248 d.
501 3191 597 3248 XXV.
614 3211 705 3250 mens.
720 3191 778 3250 Iul.
795 3211 820 3250 a.
836 3193 917 3251 XLI.
939 3194 1139 3254 Glauchauiao
1159 3199 1242 3270 patre
1257 3195 1381 3251 Ernesto
1398 3192 1551 3250 Volcmaro
1573 3195 1636 3248 tum
1651 3189 1729 3264 apud

354 3277 608 3336 Glsnchauienses
624 3277 849 3351 archidiacono,
873 3283 965 3338 matre
980 3287 1093 3354 Agnete
1113 3299 1129 3338 e
1150 3286 1238 3353 gente
1262 3278 1476 3350 Staueahagia,
1496 3281 1566 3353 post
1588 3275 1728 3333 tredecim

352 3381 445 3423 annor
461 3362 579 3420 scholae
594 3363 723 3422 Attanae
737 3364 866 3423 traditus
882 3369 913 3424 et
926 3365 971 3424 ihi
986 3383 1039 3424 sex
1054 3365 1116 3424 iere
1130 3383 1224 3423 annos
1245 3363 1381 3424 eruditus
1398 3367 1452 3420 est.
1467 3365 1502 3419 At
1520 3361 1584 3420 LX.
1599 3360 1729 3436 Lipsiam
1800 3429 1804 3438 ι
1890 3351 1893 3358 ’

353 3447 455 3520 uenit,
471 3453 506 3506 nt
520 3448 690 3522 theologiae
714 3467 831 3526 operam
852 3451 946 3510 daret.
989 3451 1048 3510 Hic
1066 3451 1133 3510 VII.
1154 3449 1347 3510 semestrihus
1370 3449 1506 3506 doctores
1529 3447 1594 3504 eius
1608 3445 1731 3503 luerunt

353 3533 449 3604 Tuch,
466 3533 597 3604 liuhais,
613 3539 726 3609 Anger,
742 3535 908 3607 Briiokner‚
930 3537 1093 3607 Lutherdt‚
1117 3535 1253 3607 Lechier,
1274 3534 1406 3602 waima,
1426 3532 1583 3592 Drobisch.
1626 3531 1729 3588 Mense

353 3623 489 3692 Augusto
505 3637 530 3676 a.
545 3620 656 3678 LXIlL
672 3620 839 3694 theologiae
854 3622 1028 3680 candidatus
1044 3623 1139 3682 iactus
1154 3627 1199 3680 est
1212 3623 1300 3698 eique
1316 3620 1443 3698 primum
1458 3616 1591 3696 Berolini
1604 3615 1729 3686 Darner,

350 3703 604 3778 Trendelenbnrg,
617 3705 680 3775 alii,
695 3713 757 3764 tum
768 3705 986 3782 Heidelbergae
996 3708 1102 3780 Bothe,
1113 3707 1299 3779 Holtamann,
1309 3707 1449 3776 Hilusser,
1460 3704 1513 3762 alii
1526 3707 1730 3780 praeceptores

352 3789 483 3848 luerunt.
519 3791 626 3848 Postea
641 3811 762 3850 munere
777 3789 954 3852 scholastico
969 3793 1088 3870 Lipsiae
1103 3797 1249 3872 suscepto,
1266 3791 1391 3867 collegio
1408 3788 1634 3860 contionatorio‚
1650 3786 1730 3863 quod

352 3879 398 3934 est
411 3875 449 3933 ad
464 3875 510 3933 Sti
524 3875 620 3944 Pauli,
637 3877 783 3954 ascriptus
798 3881 852 3949 est,
865 3897 962 3956 nuper
973 3879 1148 3938 candidatus
1157 3877 1317 3938 reuerendi
1328 3875 1489 3938 ministerii
1502 3883 1532 3936 et
1544 3873 1731 3934 contionator

351 3960 542 4038 uespertinns
558 3963 595 4020 ad
611 3963 657 4022 aa
671 3962 758 4022 Pauli
773 3963 869 4024 iactus
884 3971 938 4024 est.
1234 3963 1235 3968 ’
1336 4007 1338 4012 -
1642 3983 1662 4025 e

351 4151 440 4208 uatus
454 4149 484 4206 d.
500 4148 557 4208 XI.
569 4167 662 4211 mens.
676 4149 756 4227 Sept.
769 4171 794 4212 a.
806 4151 954 4212 XXXIX.
970 4153 1094 4212 Flauiae
1104 4159 1189 4231 patre
1198 4152 1347 4230 adolpho,
1360 4154 1452 4210 matre
1465 4149 1604 4210 carolina
1615 4165 1631 4205 e
1642 4149 1730 4220 ganto

351 4233 505 4296 mannia
549 4237 597 4294 Ab
612 4255 638 4294 a.
654 4235 688 4297 1..
703 4254 800 4312 usque
815 4240 853 4298 ad
868 4257 893 4298 a.
911 4239 1024 4299 LVIII..
1035 4239 1220 4316 gymnasium
1235 4239 1394 4298 PlauIense
1407 4237 1522 4296 Palmio
1542 4239 1654 4294 rectore
1674 4231 1731 4288 fre·

353 4319 521 4396 quentauit,
537 4339 563 4380 a.
581 4325 679 4380 eutem
694 4323 804 4382 LVlII.
826 4324 958 4402 Lipsiam
973 4325 1065 4397 uenit,
1076 4328 1111 4383 ut
1121 4323 1289 4400 theologiae
1301 4323 1402 4382 stadio
1414 4341 1446 4382 se
1458 4318 1729 4382 daretBrh'oknero,

352 4405 481 4473 Tnchio,
506 4410 626 4481 Angero
651 4408 840 4484 potissimum
863 4411 996 4472 ducibus.
1040 4409 1113 4470 Plus
1133 4410 1296 4470 triennium
1314 4408 1433 4485 Lipsiae
1453 4405 1622 4464 studiorum
1645 4419 1732 4460 causa

351 4495 488 4550 uersatus
508 4493 683 4552 candidatus
705 4494 873 4570 theologiae
897 4501 927 4553 et
947 4495 1050 4573 Lipsia
1067 4495 1171 4556 relicta
1191 4496 1326 4554 Dresdae
1345 4494 1378 4554 in
1397 4491 1532 4552 Richteri
1550 4490 1622 4548 ludo
1648 4506 1731 4566 prae·

356 4581 458 4654 ceptor
477 4577 644 4654 puellarum
663 4580 758 4638 seems
783 4585 838 4639 est.
880 4581 1008 4642 Biennio
1031 4586 1134 4641 exacto
1149 4581 1372 4642 candidatamm
1392 4576 1551 4640 reuerendi
1569 4572 1732 4634 ministerii

352 4667 528 4722 consecutus
543 4663 602 4722 iam
617 4665 649 4722 in
664 4665 819 4742 gymnasio
834 4665 1056 4726 Vitzthumieno
1077 4666 1277 4744 praeceptoris
1291 4683 1412 4726 munere
1427 4663 1571 4739 iungitur.

537 4765 807 4826 BERNHARDUS
830 4767 1041 4829 ADOLPHUS
1064 4769 1270 4829 ROBERTUS
1292 4766 1548 4828 KRUMBIEGEL

352 4851 439 4909 natus
455 4851 484 4908 d.
501 4851 612 4911 XVIII.
630 4871 721 4911 mens.
732 4855 809 4928 Aug.
825 4871 850 4912 a.
860 4853 1017 4914 XXXVII.
1028 4855 1060 4913 in
1069 4856 1136 4914 nico
1150 4859 1288 4914 montano
1300 4855 1392 4914 Hane
1403 4855 1532 4931 primum
1544 4855 1652 4929 epatre
1665 4850 1730 4908 eius

352 4935 413 4996 uici
428 4936 635 5012 ludimagistro
648 4937 813 5013 institutus,
832 4959 942 5000 annum
957 4959 1048 5016 egens
1060 4939 1148 5001 XIII.
1159 4939 1349 5016 Frihergensi
1362 4939 1517 5018 gymnasio
1533 4939 1662 4998 traditus
1676 4939 1731 4995 ost.
1825 4985 1828 4992 .

1495 5059 1511 5107 ὅ
1564 5117 1565 5122 ,
