4880 6538
773 987 1238 1058 ..ψ-15...-

318 1193 402 1258 enim
424 1193 500 1258 olim
524 1209 582 1274 per
607 1187 820 1271 conpendium
842 1188 964 1272 scripta
985 1193 1079 1253 erent
1098 1188 1180 1252 baec
1199 1185 1303 1252 uerba
1317 1181 1387 1248 iere
1413 1184 1446 1248 in
1468 1183 1553 1247 bunc
1576 1181 1705 1248 modum

318 1317 369 1368 ant
381 1303 422 1367 od
431 1305 532 1390 saort,
546 1299 580 1364 id
592 1297 679 1382 quod
692 1297 864 1380 legendum
877 1303 949 1363 eret
965 1301 1069 1364 autad
1077 1301 1232 1384 praetorib,
1249 1295 1307 1361 sed
1318 1293 1403 1360 falso
1414 1294 1586 1378 legebatur
1601 1294 1647 1358 ita
1657 1308 1709 1360 ont

318 1416 431 1487 ααονίε,
441 1410 527 1495 quod
535 1429 661 1474 summa
668 1407 879 1490 fidescriptor
891 1408 1011 1472 codicis
1018 1407 1269 1490 Tegernscensis
1281 1404 1485 1489 propagauit,
1496 1425 1595 1488 quum
1603 1406 1707 1470 ceteri

320 1523 446 1589 librarii
461 1497 575 1605 pro-eo
590 1532 642 1584 aut
655 1521 698 1583 od
710 1521 815 1584 acone
830 1517 1020 1582 scriberent.
1047 1516 1259 1582 Facillumam
1274 1521 1383 1580 autem
1397 1515 1481 1580 bane
1496 1516 1707 1580 mutationem

321 1653 411 1711 esse,
429 1652 526 1715 quam
542 1629 577 1694 P.
592 1627 699 1692 Faber
720 1627 843 1710 primus
863 1627 1048 1710 proposuit,
1074 1647 1170 1692 nemo
1197 1625 1318 1709 poterit
1338 1645 1466 1708 negare.
1509 1625 1710 1703 Quaeramus

324 1761 409 1806 nune
420 1747 530 1806 utrum
542 1739 713 1817 sententia,
727 1757 811 1820 quae
823 1737 874 1802 bis
886 1737 996 1802 uerbis
1007 1736 1155 1804 subiecta
1167 1743 1225 1814 est,
1242 1735 1317 1802 hnic
1328 1736 1400 1801 loco
1411 1737 1583 1801 conueniat
1597 1755 1709 1802 necue.

321 1851 365 1917 Et
380 1851 421 1916 de
436 1850 498 1916 hac
519 1849 649 1933 quidem
671 1869 708 1912 re
728 1847 904 1932 permirum
927 1854 978 1912 est
998 1869 1057 1912 nos
1081 1867 1192 1913 omnes
1214 1853 1282 1912 tem
1306 1847 1362 1912 diu
1384 1845 1535 1911 dubitare
1555 1847 1709 1930 potuisse.

320 1963 403 2027 Nam
419 1962 461 2026 M.
479 1959 603 2024 Tullius
618 1959 689 2056 ipse
706 1963 739 2021 et
753 1957 787 2021 in
801 1957 851 2033 iis,
869 1977 953 2040 quae
969 1978 1068 2040 supra
1083 1957 1245 2036 dicuntur,
1262 1963 1296 2022 et
1310 1957 1343 2021 in
1358 1957 1438 2034 illis,
1459 1975 1543 2039 quae
1564 1956 1651 2022 inira
1665 1957 1710 2022 le·

322 2075 451 2154 guntur,
467 2076 535 2134 tam
556 2073 669 2152 aperte
691 2067 894 2130 demonstrat
916 2068 973 2130 uix
993 2067 1091 2130 aliam
1112 2068 1307 2150 scripturam
1328 2066 1381 2130 bic
1401 2065 1541 2132 obtineri
1561 2085 1657 2150 posse
1678 2073 1710 2130 et

320 2181 403 2246 baec
418 2180 490 2263 ipsa
512 2178 630 2256 uerba,
658 2175 698 2241 de
719 2175 837 2259 quibus
860 2177 1084 2241 controuersia
1099 2183 1162 2256 est,
1189 2177 1238 2241 ita
1258 2181 1437 2260 conparate
1457 2181 1546 2254 sunt,
1572 2181 1609 2240 ut
1626 2175 1711 2241 hano

321 2289 581 2355 emendationem
597 2306 661 2350 non
677 2285 783 2350 solum
799 2285 953 2368 recipere,
969 2301 1084 2351 nerum
1100 2287 1199 2351 etiam
1210 2285 1361 2369 flagitare
1375 2285 1559 2352 uideantur.
1584 2285 1649 2351 Res
1664 2286 1711 2351 sio

322 2400 482 2466 sehabet.
506 2397 543 2462 Α.
554 2395 702 2474 Caecina,
719 2415 819 2477 quum
834 2394 874 2459 de
890 2395 1000 2474 fundo,
1017 2417 1114 2479 quem
1130 2415 1224 2462 suum
1239 2415 1312 2461 esse
1328 2396 1504 2476 contendit,
1521 2416 1541 2461 e
1556 2396 1629 2464 Sex.
1648 2398 1711 2461 Ae·
1795 2410 1798 2416 ’

322 2511 414 2576 butio
430 2508 576 2572 deiectus
592 2510 689 2582 esset,
706 2501 749 2568 ad
763 2509 951 2587 praetorem
966 2505 1001 2570 P.
1018 2505 1222 2573 Dolabellam
1233 2505 1427 2590 confugeret
1441 2506 1483 2572 eb
1495 2525 1598 2590 eoque
1610 2508 1710 2572 inter-

324 2620 446 2684 dictum
462 2615 502 2682 de
517 2615 550 2682 ui
566 2615 943 2705 ermetaflinpetrauerat.
974 2617 1067 2681 Hanc
1083 2617 1246 2682 actionem
1261 2617 1461 2682 seueriorem
1478 2621 1511 2682 et
1526 2617 1710 2702 grauiorem

325 2729 455 2794 dixerat
476 2725 700 2802 aduersarius,
721 2724 780 2790 sed
795 2724 842 2790 M.
859 2723 973 2792 Oic'ero
993 2727 1031 2790 Α.
1048 2725 1207 2792 Caecinae
1228 2709 1358 2792 nomine
1379 2732 1478 2810 negat
1496 2747 1532 2793 ss
1556 2727 1712 2792 leniorem

324 2859 364 2918 ep
377 2836 598 2902 remissiorem
612 2835 774 2900 actionem
789 2835 890 2900 ullam
904 2835 1041 2916 habere,
1056 2837 1190 2920 quoius
1206 2857 1301 2930 suum
1321 2843 1576 2922 persequentur,
1592 2836 1709 2902 aduer-

324 2947 448 3013 sarium
463 2951 574 3012 autem
588 2945 650 3009 hoc
665 2943 728 3010 sibi
747 2945 846 3026 uelle,
871 2951 909 3010 ut
929 2947 967 3010 A.
984 2945 1124 3012 Caecina
1144 2947 1273 3013 omnino
1292 2947 1365 3032 lege
1389 2967 1487 3031 egere
1508 2967 1573 3012 non
1591 2947 1706 3030 possit.

327 3057 441 3141 Itaque
457 3055 484 3140 ᾗ.
501 3061 552 3120 34.
569 3076 642 3120 eum
654 3055 701 3120 sic
716 3055 904 3138 loquentem
917 3055 1013 3152 facite
1032 3055 1104 3123 Feci
1117 3059 1250 3144 corridere
1264 3080 1340 3148 quea
1354 3058 1429 3124 dicia
1442 3061 1550 3135 mcc,
1567 3071 1594 3124 et
1602 3079 1638 3124 co
1650 3069 1716 3122 som

328 3182 354 3233 et
368 3169 534 3232 artiora
547 3179 573 3232 et
588 3169 748 3231 temerata
762 3179 788 3232 et
796 3169 976 3253 periculoso.
1010 3165 1092 3246 Quae
1107 3167 1196 3254 erpo?
1218 3169 1337 3254 Inpone
1350 3170 1432 3254 soci.-
1451 3191 1522 3234 nam
1541 3169 1620 3255 quaed
1642 3191 1715 3254 opos

326 3301 441 3342 mecum
456 3299 492 3342 aa
505 3280 571 3342 iura
585 3277 667 3341 ciuili
679 3299 714 3340 oc
724 3280 882 3362 moetoris
896 3299 954 3340 aon
971 3278 1066 3344 bobes.
1088 3277 1195 3360 Negat
1208 3278 1310 3361 igitur
1321 3278 1536 3358 adversamus,
1551 3285 1590 3344 ut
1600 3277 1714 3343 Cicero

327 3387 478 3471 opinatur
492 3391 551 3452 aut
565 3386 691 3470 opinari
707 3405 742 3450 se
758 3385 846 3466 dicit,
861 3387 899 3450 Α.
913 3385 1085 3452 Caecinam
1099 3407 1206 3472 neque
1222 3409 1262 3454 ex
1277 3389 1347 3452 iure
1363 3387 1465 3466 ciuili,
1480 3386 1515 3451 id
1530 3393 1589 3466 ast,
1605 3375 1714 3471 elegi-

326 3497 398 3576 bus,
413 3496 603 3580 plebiscitis,
618 3501 751 3562 senatus
767 3496 935 3570 consultis,
951 3517 1057 3581 neque
1073 3503 1113 3563 eir
1124 3498 1195 3563 iure
1204 3497 1381 3582 praetorio,
1397 3497 1430 3563 id
1447 3503 1506 3575 est,
1525 3515 1564 3562 ex
1580 3516 1618 3562 eo
1630 3497 1710 3575 iure,

327 3606 415 3691 quod
430 3609 599 3690 praetores
617 3605 870 3672 introduxerunt
890 3607 1067 3673 adiuuandi
1089 3609 1141 3673 rel
1166 3609 1337 3693 supplendi
1359 3608 1409 3674 vel
1431 3606 1615 3690 corrigendi
1634 3605 1714 3670 iuris

328 3716 432 3782 ciuilis
453 3716 561 3800 gretia
585 3716 922 3800 propter'utilitatem
947 3718 1110 3800 publicam
1131 3719 1219 3798 (uide
1241 3720 1353 3804 Drpeet
1370 3719 1394 3783 I.
1418 3725 1444 3793 l,
1467 3717 1520 3801 7.),
1536 3717 1714 3801 quidquam

328 3847 425 3910 agere
440 3847 546 3910 posse,
561 3825 753 3890 iniuriarum
767 3825 859 3890 iubet
874 3827 912 3891 Α.
921 3825 1093 3892 Caecinam
1108 3847 1223 3911 agere,
1247 3847 1314 3912 qua
1328 3827 1456 3893 actione
1472 3847 1571 3894 cause
1585 3848 1606 3892 a
1620 3832 1714 3910 prae·

327 3943 398 4004 tore
413 3936 599 4002 auferretur
621 3941 656 4002 et
675 3935 718 4001 ad
739 3937 963 4020 quaestionem
984 3937 1149 4022 publicam
1164 3937 1413 4017 transferretur,
1436 3944 1475 4004 nt
1493 3938 1715 4004 uindicarstur

330 4046 461 4130 quidem
475 4045 534 4112 illa
547 4045 674 4126 iniuria,
691 4045 749 4112 sed
764 4048 928 4130 possessio
943 4048 1016 4132 ipsa
1030 4050 1246 4114 omitteretur.
1273 4047 1367 4127 Quod
1382 4069 1480 4134 quam
1494 4050 1608 4115 inutile
1624 4050 1668 4116 sit
1678 4056 1716 4114 ut

329 4157 454 4235 doceat,
471 4155 584 4222 Cicero
599 4157 665 4251 iam
680 4178 701 4222 a
715 4155 749 4221 C.
766 4157 896 4236 Pisone,
919 4159 974 4240 qui
990 4158 1063 4224 Sex.
1078 4159 1210 4224 Aebutii
1230 4179 1300 4224 rem
1319 4159 1454 4243 agebat,
1471 4159 1613 4244 quaerit,
1637 4160 1714 4243 qnid

329 4271 461 4332 acturus
478 4267 531 4346 sit,
547 4267 576 4332 si
591 4287 665 4332 eum
679 4265 775 4332 hodie
792 4266 923 4332 domum
939 4289 1031 4333 suam
1046 4269 1237 4336 redeuntem
1262 4269 1366 4336 coacti
1385 4270 1531 4336 homines
1547 4277 1581 4336 et
1595 4271 1713 4335 armati

329 4375 565 4460 prohibuerint,
581 4375 806 4461 significatque
820 4378 856 4443 L.
872 4377 1046 4461 Calpurnio
1062 4385 1195 4446 auctore
1211 4380 1242 4445 ei
1257 4379 1428 4446 dicendum
1444 4401 1517 4446 esse
1532 4401 1567 4446 so
1582 4380 1715 4445 iniuria-

329 4509 401 4551 rum
423 4493 573 4552 acturum
594 4507 676 4552 esse.
705 4487 777 4552 Hoc
799 4489 907 4571 posito
923 4487 1036 4554 Cicero
1057 4489 1123 4554 iam
1142 4491 1189 4556 sio
1210 4491 1402 4576 interrogat:
1438 4491 1519 4572 Quid
1536 4493 1579 4555 ad
1597 4513 1715 4556 minam

325 4601 526 4684 poeaeeaome,
542 4601 617 4684 quid
628 4601 671 4662 od
682 4601 893 4664 restituendum
907 4605 989 4672 mm,
1010 4623 1098 4685 prem
1111 4615 1223 4688 oportet
1235 4607 1355 4678 raum,
1370 4604 1444 4689 quid
1463 4606 1587 4690 &mque
1607 4604 1648 4667 od
1669 4608 1716 4668 ias

330 4709 413 4774 aab
426 4720 477 4772 out
490 4708 532 4772 ad
541 4713 690 4794 ρναεωηῗε
705 4712 851 4774 aetenam
871 4721 958 4796 atque
972 4712 1258 4779 animaduersiones
1278 4735 1349 4798 opes
1368 4712 1567 4778 inr'urc'arnm?
1590 4712 1713 4792 Quibus
1844 4745 1846 4750 ·

330 4817 440 4884 uerbis
455 4817 517 4883 hoc
532 4819 601 4884 vult
616 4819 798 4898 declarare,
818 4819 967 4885 inutilem
982 4823 1112 4887 omnino
1127 4823 1319 4888 iniuriarum
1334 4821 1495 4889 actionem
1511 4823 1595 4904 iore,
1617 4819 1644 4888 sl
1660 4823 1715 4888 ille

206 4935 213 4948 '
330 4927 545 5010 possessionis
562 4949 661 4996 causa
677 4929 755 4996 velit
768 4929 840 5014 lege
855 4951 963 5014 agere,
978 4953 1083 5016 neque
1099 4933 1287 5003 restitutum
1302 4934 1343 4999 iri
1359 4955 1442 5015 eum,
1454 4954 1550 5021 quem
1566 4939 1716 5022 oporteat
