4880 6538
708 1181 878 1256 sententia,
895 1193 979 1257 quoe
994 1171 1055 1238 hoo
1069 1173 1141 1238 ioco
1157 1173 1350 1257 requiritur,
1371 1195 1411 1240 ea
1431 1177 1534 1240 uerba
1544 1173 1697 1257 recipiat.
1733 1173 1781 1239 Ea
1796 1157 1879 1238 'uero
1901 1193 1965 1238 nou
1986 1173 2092 1238 solum

711 1289 827 1370 recipit
842 1288 922 1352 haec
938 1284 1048 1362 uerba,
1065 1285 1121 1348 sed
1137 1285 1185 1348 ita
1201 1285 1298 1348 etiam
1315 1292 1493 1369 conparata
1508 1291 1567 1362 est,
1590 1291 1626 1348 ut
1641 1303 1791 1348 maxumo
1807 1303 1905 1366 opere
1922 1283 2094 1348 adiuvetur

709 1397 1016 1472 adiectailiauoce,
1033 1399 1184 1477 quaeest
1203 1394 1268 1458 leui
1292 1395 1496 1477 quorundam
1519 1395 1675 1460 librorum
1695 1393 1880 1458 testimonio
1904 1393 1938 1456 in
1960 1393 2095 1458 dubium

709 1515 832 1572 vocata.
869 1509 972 1585 Quom
993 1505 1078 1568 enim
1099 1503 1212 1569 Cicero
1241 1504 1274 1568 in
1298 1511 1368 1568 tota
1387 1505 1448 1568 hac
1473 1506 1619 1568 oratione
1638 1502 1699 1566 hcc
1727 1503 1910 1576 contendat,
1935 1523 2096 1566 summum

708 1619 796 1681 uitae
812 1615 991 1700 periculum
1007 1637 1026 1678 a
1042 1613 1115 1678 Sex.
1129 1613 1268 1678 Aebutio
1282 1617 1318 1678 Α.
1330 1614 1487 1678 Caecinae
1503 1613 1648 1678 adlatum
1664 1633 1750 1692 esse,
1767 1614 1830 1678 etsi
1845 1633 1904 1696 per
1919 1633 1955 1676 se
1974 1613 2095 1678 uerba:

712 1728 958 1811 quomAebutius
975 1725 1117 1789 Caecinae
1128 1727 1240 1789 molum
1251 1729 1419 1796 arincretur,
1432 1724 1493 1788 hoc
1504 1723 1610 1806 ipsum
1620 1724 1775 1802 indicunt,
1791 1724 1933 1806 aliquam
1944 1723 2096 1788 iniuriam

709 1837 741 1900 in
757 1857 931 1919 personam
948 1833 1106 1898 Caecinae
1122 1835 1374 1917 exspectandam
1390 1833 1431 1898 ab
1445 1835 1583 1898 Aebutio
1594 1833 1710 1912 fuisse,
1733 1840 1842 1898 tamen
1853 1855 2003 1898 maxume
2015 1834 2098 1898 baec

710 1947 846 2028 suspitio
862 1946 909 2008 ita
924 1943 1107 2022 adiuuatur,
1124 1945 1151 2008 si
1167 1943 1387 2026 adiunguntur
1402 1944 1483 2008 haee
1498 1964 1582 2026 quae
1602 1945 1635 2008 in
1656 1943 1798 2026 optumis
1818 1943 1910 2008 libris
1933 1943 2095 2009 habentur

712 2057 828 2120 uerba:
846 2057 1106 2132 incestuorum
1119 2057 1291 2130 minaretur,
1307 2055 1459 2138 quoniam
1475 2055 1521 2118 sic
1535 2055 1643 2118 media
1661 2055 1718 2118 ills
1732 2075 1796 2118 uox
1814 2057 1937 2132 mcum,
1955 2075 2021 2138 qua
2034 2053 2094 2116 mi·

709 2185 769 2231 nor
785 2166 882 2230 etiarn
898 2165 1015 2230 iniuria
1030 2165 1063 2228 in
1079 2166 1150 2230 aliis
1173 2165 1254 2228 locis
1276 2165 1489 2248 significatur,
1513 2170 1732 2247 exaggeratur
1753 2172 1851 2250 atque
1871 2164 1913 2228 ad
1933 2183 2093 2228 summam

709 2271 859 2340 iniuriam
875 2275 1089 2358 protrahitur,
1106 2274 1139 2338 id
1155 2274 1242 2356 quod
1257 2275 1448 2338 rectissume
1463 2275 1528 2338 iam
1545 2275 1702 2338 Iordanus
1719 2275 1889 2352 intellexit,
1906 2275 1961 2356 qui
1977 2275 2092 2340 addita

709 2386 765 2450 illa
775 2386 990 2469 explicatione
1002 2385 1182 2448 orationem
1193 2383 1295 2447 multo
1305 2382 1522 2448 efficaciorem
1534 2385 1847 2464 acgrauioremesse
1859 2385 2093 2467 pronuntiauit.

710 2495 803 2574 Quod
820 2517 1016 2578 quamquam
1036 2500 1174 2578 apparet
1188 2495 1380 2568 rectissume
1396 2515 1469 2558 esse
1484 2495 1619 2572 dictum,
1644 2500 1767 2574 tamen,
1789 2495 1941 2578 quoniam
1960 2493 2023 2558 fuit
2038 2493 2096 2576 qui

708 2605 793 2671 bane
808 2607 964 2670 orationis
979 2605 1126 2684 formam,
1144 2625 1209 2688 qua
1225 2603 1338 2670 Cicero
1354 2609 1411 2670 aut
1426 2625 1626 2688 exaggerare
1641 2605 1724 2670 solet
1739 2605 1863 2688 aliquid
1879 2611 1936 2668 aut
1956 2603 2096 2688 explica-

709 2717 774 2780 tius
790 2716 840 2794 iia,
856 2719 912 2800 qni
927 2717 1072 2793 audiunt,
1088 2715 1161 2780 uult
1174 2735 1365 2798 proponere,
1381 2737 1497 2797 parum
1512 2715 1668 2780 usitatum
1684 2735 1757 2779 esse
1772 2715 1867 2792 dixit,
1886 2713 2098 2778 conferantur

709 2825 805 2889 huius
821 2824 921 2907 ipsius
934 2826 1090 2888 orationis
1107 2831 1135 2900 8,
1154 2829 1202 2887 19,
1238 2824 1340 2904 Quid?
1353 2828 1437 2888 11111
1450 2826 1500 2888 ille
1513 2826 1625 2904 fundus
1641 2837 1695 2897 est,
1716 2849 1802 2910 quem
1818 2827 1880 2890 1111
1901 2825 1967 2889 1111
1982 2837 2096 2890 contro

712 2937 810 3000 11111
826 2937 1066 3019 quadriennium,
1086 2935 1139 2996 boc
1158 2945 1217 3006 est,
1233 2957 1270 2998 ecc
1286 2957 1343 3019 quo
1363 2945 1493 3018 tempore
1508 2934 1628 3018 fundus
1644 2937 1735 3008 veniit,
1754 2935 1885 3021 possedit
1910 2933 2094 3001 01111ηηί11

712 3049 761 3120 20,
779 3049 830 3108 57.
854 3047 942 3129 quasi
955 3046 1078 3128 qnidam
1090 3065 1186 3130 paens
1201 3045 1350 3117 dominus,
1366 3045 1421 3108 boc
1435 3057 1483 3118 est,
1498 3046 1587 3110 alieni
1599 3048 1673 3109 iuna
1687 3047 1826 3110 1111111.
1838 3049 1947 3124 26,47.
1966 3046 2096 3110 Fundus

706 3177 726 3218 1
737 3167 823 3240 patre
840 3155 965 3240 relinqui
974 3165 1090 3240 potest:
1110 3167 1141 3218 et
1163 3157 1306 3241 usucapio
1322 3155 1432 3240 fundi,
1452 3157 1504 3220 icoc
1524 3169 1578 3229 est,
1592 3159 1668 3244 finis
1689 3159 1889 3222 sollicitudinis
1913 3181 1949 3221 ac
1967 3159 2093 3243 perienli

707 3266 811 3338 litium,
825 3289 885 3328 reon
901 3289 920 3328 a
930 3279 1019 3352 putre
1029 3267 1212 3352 relinquitur,
1226 3267 1277 3332 sed
1288 3291 1307 3330 α
1319 3268 1442 3352 lapibus.
1460 3272 1509 3347 28,
1521 3273 1571 3334 80.
1601 3269 1736 3342 Praetor,
1749 3271 1851 3353 inquit,
1865 3271 2028 3340 interfulsit,
2045 3278 2091 3343 ut,

706 3375 786 3440 unde
801 3378 923 3440 (11111111
940 3389 1018 3450 esset,
1034 3401 1068 3440 eo
1084 3380 1290 3450 restitueretur,
1305 3379 1415 3451 1111111,
1430 3381 1646 3463 quicumqueis
1669 3379 1749 3441 locres
1766 3389 1853 3450 esset,
1870 3379 1947 3439 unde
1962 3378 2092 3439 caoctus

708 3499 784 3550 esset.
803 3491 852 3562 34,
873 3491 942 3550 100.
966 3487 1120 3550 Besilium
1141 3489 1218 3549 enim
1237 3509 1295 3549 non
1313 3489 1491 3572 supplicium
1514 3499 1567 3558 est,
1582 3490 1636 3551 sed
1651 3487 1823 3571 perserqium
1837 3497 2002 3570 portusque
2020 3509 2090 3571 sup·

704 3597 804 3681 plicii:
820 3619 890 3658 nem
906 3601 979 3680 quie
995 3597 1098 3660 uolunt
1115 3596 1252 3680 aliquem
1263 3619 1394 3681 poenum
1408 3595 1608 3681 serburfuqere
1626 3609 1677 3660 aru
1698 3597 1911 3672 subraucum,
1938 3618 1970 3659 co
1993 3598 2091 3661 solnm

707 3707 971 3783 enuntiasset,
988 3705 1086 3770 sedern
1103 3729 1138 3770 ac
1156 3707 1254 3770 locum
1274 3717 1401 3770 mutam.
1431 3705 1538 3784 Quum
1552 3706 1653 3790 igitur
1668 3705 1781 3772 Cicero
1800 3707 1833 3770 in
1853 3707 1915 3771 hac
1930 3707 2002 3789 ipsa
2022 3727 2095 3771 ora·

707 3816 794 3880 tione
810 3815 1034 3880 illaorationis
1050 3815 1156 3880 forma
1171 3817 1366 3899 aliquotiens
1377 3837 1455 3881 usus
1469 3817 1520 3898 sit,
1537 3817 1615 3901 quid
1626 3817 1748 3900 poterit
1759 3815 1945 3882 offensionis
1957 3815 2090 3894 habere,

707 3925 794 4007 quod
809 3925 871 3988 hoe
886 3947 1014 4009 quoque
1029 3925 1101 3990 loco
1113 3926 1199 3991 idem
1215 3925 1316 3990 111111
1334 3933 1447 4009 Itaque
1459 3928 1497 4004 is,
1510 3928 1565 4009 qui
1578 3935 1667 3991 recte
1680 3933 1784 3992 artem
1795 3927 1941 3992 criticam
1954 3932 2093 4001 exercet,

708 4055 771 4100 non
791 4034 953 4100 dubitabit
969 4037 1046 4118 quin
1066 4037 1185 4100 iniuria
1199 4037 1256 4100 illa
1278 4035 1382 4100 uerba
1400 4037 1432 4100 in
1455 4036 1715 4119 interpolationis
1742 4037 1954 4120 suspitionem
1974 4041 2093 4100 uocata

708 4145 781 4210 sint.
815 4146 961 4210 Tertium
976 4145 1071 4223 illud,
1087 4145 1128 4209 de
1145 4166 1209 4230 quo
1230 4167 1303 4210 cum
1324 4147 1518 4212 nouissumis
1539 4147 1635 4212 huius
1651 4147 1807 4212 orationis
1823 4144 2003 4212 editoribus
2026 4145 2094 4210 dis·

708 4246 821 4336 sentio,
836 4256 978 4339 positum
990 4261 1041 4320 est
1051 4256 1084 4319 in
1095 4255 1221 4320 uerbis:
1238 4269 1263 4320 a
1275 4281 1307 4321 eo
1318 4259 1465 4322 lubentius
1476 4260 1558 4335 clivis,
1572 4270 1604 4320 ut
1618 4260 1719 4343 aliquo
1732 4263 1763 4321 in
1776 4257 1883 4322 iudicio
1895 4259 1955 4322 111
1967 4260 2096 4322 testimo·

708 4370 758 4430 nio
782 4368 923 4432 crodium
941 4379 1107 4454 11111111.
1148 4367 1267 4432 Fateor
1286 4367 1364 4432 mihi
1395 4387 1524 4450 semper
1550 4367 1639 4433 iliam
1665 4387 1777 4432 uocem
1797 4370 1897 4453 aliquo
1925 4370 1957 4430 in
1982 4367 2094 4432 iudicio

709 4475 878 4540 offensioni
902 4477 1012 4542 luisse.
1043 4477 1128 4556 Quid
1152 4477 1237 4542 enirn
1259 4497 1340 4560 opus
1367 4474 1429 4541 fuit
1447 4481 1547 4564 ab‘quo
1567 4477 1720 4560 adiungi?
1746 4481 1778 4542 in
1798 4479 1906 4542 indubio
1929 4482 1962 4542 et
1982 4499 2041 4562 per
2061 4497 2097 4543 11

710 4593 800 4650 recte
816 4592 885 4651 stat
900 4593 933 4652 et
948 4593 999 4652 est
1013 4587 1238 4652 usitatissnma
1252 4587 1382 4652 locutio.
1414 4584 1507 4652 Nune
1521 4587 1847 4672 postquam'eognoui
1862 4589 1895 4653 in
1911 4589 2021 4654 codiee
2034 4589 2095 4680 Te3

711 4696 897 4779 gernseensi
912 4717 976 4760 non
995 4697 1056 4760 hoc
1079 4697 1236 4780 scriptum
1252 4717 1322 4762 esse
1347 4699 1446 4784 aliquo
1469 4703 1500 4763 in
1524 4704 1646 4774 iudicio,
1666 4698 1723 4764 sed
1743 4699 1906 4785 aliquanto
1926 4703 1957 4764 in
1981 4699 2098 4772 inticis,

710 4825 774 4869 non
790 4804 904 4869 dubito
920 4805 1001 4894 quin¹
1013 4805 1094 4870 haec
1110 4808 1273 4890 scriptura
1288 4807 1475 4890 recipienda
1491 4809 1542 4886 sit,
1558 4831 1623 4892 qua
1638 4811 1766 4893 egregie
1781 4810 1944 4873 indicatur
1966 4806 2094 4889 saepius

711 4915 776 4978 iam
791 4915 824 4979 in
838 4913 965 4979 iudiciis
982 4915 1113 4980 Aebutii
1129 4917 1315 4982 testimonio
1332 4918 1491 4982 creditum
1512 4937 1576 4982 non
1592 4918 1709 4998 fuisse,
1732 4938 1871 5000 eumque
1887 4923 2015 4998 tempus
2037 4917 2098 4980 sci-
