4880 6538
1152 1232 1159 1243 ,
1227 1179 1276 1236 nir
1291 1175 1553 1254 splendidissimus

848 1262 1049 1324 GUSTAUUS
1073 1261 1305 1322 woeserma
1326 1265 1446 1322 LIBER
1467 1265 1572 1324 BARO
1595 1265 1647 1322 DE
1670 1261 1935 1322 BIEDEIIMANN

698 1353 763 1428 regi
780 1350 926 1410 Saxonias
942 1348 973 1406 iu
990 1348 1103 1406 aerario
1127 1350 1314 1426 procurando
1328 1349 1530 1420 nomiliarius,
1554 1351 1669 1408 uiarum
1691 1349 1864 1408 serratarum
1886 1347 2077 1422 regui-Saxo-

696 1437 756 1497 uici
771 1433 1000 1495 occidentalium
1020 1433 1322 1493 administrandarum
1336 1433 1546 1512 promngister,
1571 1435 1686 1493 ordinis
1701 1433 1776 1507 regii
1799 1432 1939 1492 saxonici
1962 1431 2077 1492 uirtute

1104 1539 1138 1580 eo
1153 1519 1212 1578 ilde
1228 1521 1302 1579 bene
1318 1521 1491 1578 meritorum
1507 1539 1599 1598 eques
1615 1525 1670 1578 oet.

1372 1616 1403 1664 et

1224 1691 1273 1749 uir
1288 1691 1557 1750 excellentissimus

1209 1775 1398 1835 SALOIION
1442 1775 1587 1836 HIIIZEL

1053 1861 1129 1921 ciuis
1145 1861 1324 1932 Turicensis,
1340 1861 1482 1920 librarius
1498 1861 1663 1938 Lipsiensis
1679 1867 1732 1920 oet.

784 2049 974 2108 Enarrondae
990 2049 1049 2108 iam
1065 2057 1136 2108 sunt
1153 2052 1233 2110 uitae
1246 2070 1357 2119 eorum,
1376 2049 1429 2125 qui
1443 2055 1547 2123 rogatu
1564 2068 1618 2107 suo
1634 2049 1691 2108 hoc
1705 2067 1782 2108 anno
1799 2048 1952 2126 explorata
1966 2065 2000 2106 ac
2013 2063 2079 2124 pro·

699 2137 766 2194 bate
782 2137 929 2211 dignitate
945 2155 1076 2196 summos
1091 2137 1213 2196 Ordinis
1229 2135 1326 2196 nostri
1341 2137 1470 2194 honoras
1485 2136 1720 2212 inpetrauerunt.

781 2239 858 2298 Sunt
874 2243 973 2296 autern
989 2237 1034 2296 hi:

837 2321 1041 2382 AUGUSTUS
1066 2321 1302 2380 FRIDERIGUS
1326 2321 1551 2380 GUILULMUS
1575 2321 1773 2380 HENRICUS
1796 2319 1927 2379 JAIVKE

695 2411 782 2466 ustus
798 2410 827 2466 d.
842 2407 949 2466 XIIII.
966 2425 1057 2466 mens.
1077 2405 1133 2464 Iul.
1152 2427 1177 2465 a.
1196 2409 1226 2464 h.
1243 2426 1265 2464 s.
1287 2405 1407 2464 XXIII.
1426 2404 1571 2477 Coeslini,
1591 2425 1660 2464 mox
1681 2425 1746 2464 cum
1767 2413 1864 2483 patre,
1887 2404 1939 2481 qui
1958 2405 2079 2481 publico

695 2511 817 2552 munere
840 2491 1033 2567 fungebatur,
1062 2491 1233 2551 Barolinum
1257 2491 1399 2566 migrauit
1431 2492 1536 2567 ibique
1566 2490 1695 2568 primum
1721 2491 1752 2549 in
1773 2491 1874 2550 schola
1895 2491 2078 2560 elementari,

697 2583 765 2656 post
797 2579 830 2637 in
853 2577 1014 2656 Gymnasio
1034 2577 1417 2647 asceaco-Guilermiano
1440 2577 1590 2648 eruditus,
1624 2596 1701 2636 enno
1726 2577 1869 2636 XXXVI.
1901 2579 2019 2634 Portam
2047 2576 2080 2634 in

696 2663 826 2722 scholam
849 2665 958 2738 regiam
985 2667 1121 2740 receptus
1143 2673 1197 2722 est.
1242 2667 1277 2721 Δ.
1294 2663 1405 2721 XLIII.
1433 2663 1504 2720 inde
1520 2661 1651 2739 Lipsiam
1675 2683 1706 2720 se
1728 2663 1870 2734 contulit,
1894 2669 1926 2720 nt
1947 2661 2079 2719 studium

694 2748 770 2806 iuris
787 2757 943 2818 atrorum,
966 2767 1041 2824 quae
1058 2749 1216 2819 dicuntur,
1234 2748 1423 2808 nemoralium
1439 2748 1548 2806 coleret
1563 2748 1713 2820 magistris
1730 2749 1761 2808 L.
1777 2767 1837 2807 von
1857 2749 1911 2804 der
1926 2747 2079 2818 Pfordten‚

695 2833 884 2904 Albrechtio,
910 2833 1096 2902 Maresollio,
1127 2834 1313 2898 Henssenio,
1334 2832 1494 2903 Haenelio,
1517 2833 1757 2903 Wachsmuthio,
1783 2833 1927 2891 Wnttlrio.
1972 2832 2080 2889 Tribus

694 2917 823 2995 peractis
855 2917 1050 2990 semestribus
1076 2917 1250 2976 Barolinum
1275 2917 1426 2996 proiectus
1452 2923 1658 2994 praeceptores
1691 2917 1736 2976 ibi
1766 2918 1872 2976 habuit
1900 2917 2078 2988 Gneistium,

695 3003 944 3072 Heidemennum,
962 3001 998 3058 H.
1015 3001 1148 3074 Roaiam,
1167 3003 1325 3076 Ranilum,
1342 3002 1501 3060 Ritterum.
1547 3007 1581 3060 A.
1598 3003 1706 3062 XLVI.
1722 3003 1849 3080 primum
1867 3023 1989 3062 examen
2005 3002 2078 3060 iuri-

696 3087 794 3144 dicum
811 3087 943 3145 absoluit
958 3093 1047 3162 atque
1062 3087 1215 3146 cameralis
1230 3088 1338 3147 iudicii
1354 3088 1449 3146 factus
1465 3087 1585 3146 auditor
1599 3088 1674 3146 iuris
1690 3089 1818 3147 lorensis
1835 3089 1933 3147 studia
1944 3087 2078 3146 Berolini

694 3172 818 3248 peregit.
863 3177 898 3230 A.
915 3172 1056 3231 XLVIII.
1074 3174 1205 3231 secundo
1227 3174 1362 3232 excurine
1387 3173 1515 3231 iuridico
1541 3179 1679 3249 superato
1696 3179 1817 3233 auctora
1839 3175 1987 3251 Gspperto
2012 3173 2077 3230 iure

696 3258 830 3316 consulto
846 3257 1035 3336 eloquentiae
1050 3257 1162 3317 forensi
1182 3263 1213 3317 et
1228 3259 1482 3336 disputationibus
1499 3279 1616 3335 operam
1632 3261 1731 3334 dedit,
1753 3261 1863 3318 deinde
1878 3261 1917 3317 ad
1933 3258 2078 3316 iudicium

695 3343 818 3416 regium,
842 3346 922 3420 quod
943 3347 989 3402 est
1008 3343 1041 3400 in
1060 3363 1126 3402 erce
1146 3345 1316 3423 UernlInee,
1343 3345 1452 3403 missus
1474 3345 1584 3403 iudicis
1606 3345 1724 3403 uicibus
1748 3345 1867 3403 iunctus
1888 3349 1949 3411 eet,
1977 3362 2078 3400 meuse

695 3437 792 3486 autem
809 3429 906 3505 Aprili
928 3449 952 3485 a.
969 3429 1080 3486 XLIX.
1102 3448 1245 3488 oamernm
1264 3431 1377 3503 regiam
1394 3429 1468 3486 adiit
1489 3437 1518 3486 et
1532 3429 1608 3486 iuris
1624 3429 1751 3486 forensis
1767 3435 1797 3487 et
1819 3428 1919 3486 ciuilis
1936 3431 1966 3485 et
1982 3427 2079 3485 crimi-

698 3513 775 3572 nalis
796 3515 915 3588 negotia
936 3514 1038 3586 gessit.
1083 3513 1138 3571 His
1161 3515 1251 3572 rebus
1274 3513 1401 3590 peractis
1421 3513 1544 3570 tertium
1568 3514 1866 3571 exameuiuridicum
1883 3512 2037 3590 superauit
2052 3531 2078 3570 a.

694 3599 741 3657 LI.
775 3601 883 3658 Postea
897 3600 969 3658 inde
984 3599 1021 3656 ab
1037 3617 1115 3658 enno
1132 3599 1180 3657 LI.
1195 3617 1291 3675 usque
1306 3599 1344 3656 ad
1360 3617 1469 3656 annum
1486 3599 1561 3656 LVI.
1581 3599 1614 3656 in
1638 3617 1741 3673 magno
1764 3598 1876 3656 iudicio
1892 3598 2080 3657 Barolinensi

692 3685 802 3744 iudicis
828 3703 951 3743 munere
970 3684 1089 3743 Iunctus
1111 3687 1165 3742 est.
1195 3686 1258 3742 Iam
1281 3683 1314 3742 in
1338 3681 1475 3742 Silcsiam
1497 3683 1606 3742 missus
1627 3687 1657 3742 et
1679 3703 1702 3742 a.
1721 3685 1811 3742 Ll'll.
1831 3685 1924 3742 iudex
1942 3683 2080 3761 publicus

694 3775 812 3828 creatus
826 3771 953 3847 primum
974 3769 1006 3828 in
1032 3770 1155 3828 ciuitate
1172 3770 1308 3838 Wohlau,
1333 3769 1443 3828 deiude
1464 3769 1497 3828 in
1520 3769 1642 3828 sibilate
1659 3770 1800 3829 Namslau
1822 3771 1967 3847 praetoris
1983 3769 2081 3828 officie

693 3856 836 3931 suscepit,
860 3876 917 3931 quo
939 3856 971 3913 in
995 3875 1117 3914 munere
1132 3857 1283 3930 fungendo
1300 3855 1389 3913 etiam
1411 3875 1490 3912 nunc
1513 3860 1658 3914 uersatur.
1704 3857 1826 3915 Interes
1847 3856 2080 3929 diligentissime

693 3939 860 3996 litterarum
874 3941 983 3998 studia
1003 3941 1100 3999 colere
1116 3961 1176 3998 non
1191 3942 1283 3999 desiit
1297 3947 1386 4016 etque
1410 3941 1481 3996 inde
1496 3941 1533 3998 eb
1545 3959 1623 3998 enno
1635 3940 1710 3997 LVI.
1724 3947 1865 4016 quattuor
1879 3941 1971 4000 libros
1988 3959 2080 4014 quum

694 4025 731 4080 de
747 4023 823 4080 iuris
839 4023 998 4099 disciplina
1014 4029 1076 4082 turn
1093 4027 1131 4082 de
1147 4044 1179 4082 re
1195 4026 1313 4101 publica
1328 4023 1565 4082 administranda
1579 4029 1669 4100 atquc
1685 4026 1722 4082 de
1737 4025 1802 4098 agri
1818 4025 1934 4082 cultura
1948 4025 2081 4083 iuuauda

698 4107 883 4184 conscripsit.

1082 4193 1281 4252 HENRIUUS
1307 4191 1548 4250 ALEXANDER
1571 4191 1696 4250 TOMEI

696 4281 723 4336 d.
741 4278 795 4336 XI.
814 4297 905 4335 mens.
923 4275 996 4335 Maii
1012 4295 1036 4335 a.
1053 4278 1143 4338 XLV.
1161 4279 1356 4337 Uindobonae
1376 4285 1463 4338 uetus
1479 4283 1509 4335 ot
1524 4277 1709 4354 aliquamdiu
1725 4279 1868 4336 educatus
1884 4281 1937 4336 est.
1972 4278 2080 4338 Postea

672 4397 676 4406 ·
694 4364 826 4440 Lipsinm
842 4363 926 4422 uenit
942 4369 972 4421 ct
985 4363 1131 4440 principio
1148 4363 1180 4421 in
1196 4363 1297 4424 schola
1312 4363 1407 4422 ciuica
1423 4363 1534 4440 prima,
1557 4363 1667 4422 deinde
1688 4363 1720 4422 iu
1736 4362 1837 4420 schola
1852 4363 1925 4421 reali
1942 4364 2080 4423 eruditus

694 4455 746 4507 est.
776 4451 852 4508 Iu'de
874 4451 910 4508 ab
930 4469 1006 4508 enno
1024 4449 1119 4508 LXII.
1148 4449 1266 4525 Lipsiae
1294 4449 1326 4506 in
1352 4447 1550 4506 uniuersitate
1577 4447 1744 4506 litterarum
1770 4467 1870 4505 rerum
1896 4450 2080 4508 naturalium

694 4534 794 4591 studio
812 4553 843 4592 se
860 4535 981 4605 dicauit,
1002 4535 1112 4611 quibus
1133 4535 1165 4593 in
1187 4533 1356 4610 disciplinis
1372 4534 1572 4607 Erdmenuus,
1590 4534 1784 4611 Poeppigius,
1802 4533 1985 4602 Hanlrelius,
2000 4536 2080 4593 Nau·

694 4636 833 4690 mannus,
855 4621 1032 4692 Mettenius,
1049 4621 1167 4691 Flethe,
1188 4619 1352 4688 Hirzelius,
1372 4620 1544 4679 Traitsohlre
1561 4625 1765 4697 praeceptores
1782 4619 1847 4678 eius
1864 4619 1994 4679 fuerunt.

1016 4757 1313 4816 MAXIMILIANUS
1338 4757 1584 4818 HERMANNUS
1608 4757 1768 4815 RAUHEL

693 4839 827 4896 Dresdae
844 4840 871 4896 d.
886 4839 1000 4896 XXVI.
1024 4862 1115 4900 mans.
1131 4845 1209 4902 Nou.
1227 4861 1253 4900 a.
1269 4841 1381 4900 XLIII.
1403 4847 1491 4900 ustus
1511 4847 1594 4918 patre
1616 4843 1696 4900 Iulio
1713 4841 1863 4900 Guilelmo
1878 4838 1991 4897 Rachel
2014 4837 2080 4898 inre

694 4923 838 4996 consulto,
855 4923 950 5001 prima
965 4924 1131 4986 litterarum
1147 4930 1294 4988 elementa
1308 4929 1510 4987 aBoattchero
1527 4927 1598 4986 inde
1614 4929 1650 4986 eb
1666 4947 1743 4988 euno
1758 4928 1791 4985 1..
1809 4924 1925 4998 didicit,
1941 4943 1966 4984 a.
1977 4925 2073 4984 LIIII.
