4880 6538
697 1192 841 1270 restitui,
864 1211 972 1274 neque
995 1193 1045 1258 ius
1071 1195 1166 1260 ciuile
1189 1199 1222 1259 et
1244 1193 1445 1277 praetorium
1466 1191 1496 1256 ei
1517 1190 1750 1273 opitulaturum
1774 1207 1860 1262 esse,
1884 1185 1942 1250 sed
1955 1191 2082 1252 tantum

698 1301 794 1366 modo
814 1300 965 1366 iniuriam
985 1302 1026 1368 ab
1047 1301 1238 1370 aduersario
1261 1303 1393 1368 illatam
1401 1299 1599 1366 vindicatum
1621 1300 1670 1364 iri.
1702 1297 1755 1364 Sic
1779 1296 1894 1380 igitur,
1917 1315 2001 1378 quae
2021 1296 2082 1360 hoc

696 1410 768 1474 loco
785 1409 899 1476 Cicero
915 1411 1003 1490 dicit,
1030 1412 1373 1498 egregie'conueniunt
1396 1432 1470 1478 eum
1492 1411 1547 1490 iis,
1564 1431 1648 1493 quae
1669 1415 1767 1474 antea
1787 1405 1826 1470 de
1848 1406 1918 1470 iure
1941 1405 2029 1470 ciuili
2050 1411 2084 1470 et

697 1522 861 1604 praetorio
877 1520 1130 1604 significauerat,
1147 1522 1326 1606 eodemque
1341 1522 1436 1586 modo
1452 1521 1551 1586 etiam
1575 1543 1615 1586 ex
1630 1521 1687 1597 iis,
1707 1539 1791 1602 quae
1814 1515 1901 1582 iufra
1922 1517 2082 1594 dicuntur,

699 1637 838 1714 apparet
853 1630 934 1696 haec
948 1631 1065 1712 uerba,
1082 1633 1122 1700 de
1139 1633 1257 1717 quibus
1273 1632 1498 1698 controuersia
1513 1636 1577 1708 est,
1598 1629 1783 1696 necessario
1804 1627 1846 1694 ad
1864 1627 1916 1692 ius
1938 1627 2035 1692 ciuile
2051 1631 2084 1690 et

700 1741 900 1823 praetorium
915 1740 1088 1808 referenda
1102 1763 1183 1809 esse.
1213 1744 1297 1809 Nem
1311 1749 1485 1826 postquam
1500 1741 1641 1820 dixerat,
1659 1739 1786 1806 etiamsi
1807 1737 2017 1804 aduersarius
2037 1737 2083 1800 in·

699 1851 855 1916 iuriarum
874 1851 1153 1932 condemnaretur,
1169 1859 1278 1918 tamen
1295 1873 1332 1918 eo
1348 1853 1382 1917 L.
1399 1853 1550 1918 Pisonem
1564 1851 1598 1914 in
1613 1850 1851 1934 possessionem
1864 1869 1929 1914 non
1944 1847 2083 1924 restitui,

698 1963 763 2026 iam
778 1981 893 2026 rursus
910 1961 957 2028 sio
971 1963 1093 2046 pergit:
1119 1963 1245 2029 Praetor
1258 1967 1375 2036 intereo,
1393 1963 1473 2036 Hae,
1486 1975 1567 2027 torota
1577 1965 1613 2027 de
1625 1985 1658 2026 re
1672 1959 1792 2025 metit?
1807 1961 2085 2046 quenadmodum

698 2075 874 2138 eraricum
888 2075 920 2136 io
934 2075 1019 2138 ceder
1034 2085 1099 2138 neos
1113 2097 1173 2138 non
1186 2072 1322 2140 habebo?
1344 2072 1479 2138 Tacebit
1493 2077 1602 2136 autem
1617 2077 1760 2155 praetor,
1777 2070 1930 2154 quoniam
1949 2069 2082 2134 iniuria·

697 2203 771 2248 rum
786 2182 870 2246 aetio
886 2182 929 2248 ad
944 2202 1017 2248 eum
1039 2203 1103 2248 non
1122 2184 1320 2267 pertinebat,
1343 2182 1401 2248 sed
1421 2188 1491 2266 lege
1507 2182 1658 2248 Cornelia
1677 2185 1713 2248 de
1726 2185 1844 2246 iniuria
1858 2201 1943 2245 anno
1959 2202 1989 2262 p.
2007 2201 2036 2242 u.
2054 2199 2080 2242 c.

699 2293 771 2356 604.
787 2291 829 2356 ad
853 2293 1060 2374 quaestiones
1078 2293 1224 2376 publicas
1239 2293 1401 2358 translate
1415 2299 1500 2368 erat,
1522 2291 1642 2376 quade
1659 2313 1694 2356 re
1720 2291 1794 2355 uide
1810 2289 1962 2356 Guilelmi
1979 2288 2082 2354 Reiuii

700 2403 768 2466 Dae
788 2401 1009 2468 Crimineireebt
1029 2403 1083 2466 der
1098 2406 1212 2468 Herm
1227 2425 1258 2486 p.
1274 2405 1336 2468 370
1359 2423 1429 2486 sqq.
1465 2401 1621 2468 Uidemus
1641 2407 1675 2464 et
1694 2401 1742 2479 iis,
1767 2421 1851 2483 quae
1874 2419 1974 2482 supra
1997 2400 2086 2463 dicta

699 2517 785 2590 sunt,
802 2518 835 2576 et
851 2511 907 2588 iis,
925 2531 1009 2595 quae
1024 2511 1110 2578 infra
1125 2512 1290 2592 dicuntur,
1308 2512 1445 2596 ‚probari
1464 2533 1503 2578 ac
1518 2512 1614 2596 plane
1631 2509 1715 2576 effici
1730 2511 1832 2576 uerba
1847 2511 1894 2574 sic
1909 2507 2083 2574 scribenda

699 2643 785 2688 esse:
803 2623 876 2708 quid
892 2625 1016 2709 senique
1030 2625 1072 2688 od
1085 2627 1132 2690 tur
1150 2627 1233 2690 ciuile
1246 2637 1298 2690 out
1310 2627 1354 2688 ad
1361 2627 1514 2710 praetoria
1528 2625 1670 2688 notionem
1686 2635 1773 2712 oque
1794 2621 2082 2686 nniurudzwrricnem

703 2757 772 2818 opes
786 2732 991 2798 iniuriarum?
1012 2734 1128 2798 Restat
1142 2727 1179 2800 ut
1190 2735 1448 2800 demonstremus
1461 2733 1559 2798 etiem
1575 2732 1631 2796 illa
1642 2732 1746 2796 uerba
1756 2732 1829 2812 ipsa
1840 2730 1886 2794 sic
1902 2729 1990 2794 dieta
2003 2750 2084 2806 esse,

704 2848 741 2908 ut
757 2842 826 2906 sine
842 2842 941 2906 dubio
961 2843 1003 2904 ad
1019 2850 1206 2924 praetorem
1220 2845 1413 2925 pertineant.
1442 2840 1527 2906 nlud
1542 2843 1607 2906 iam
1628 2861 1728 2922 supra
1748 2841 1829 2916 dixi,
1853 2841 1895 2904 ad
1914 2841 1965 2904 ius
1990 2839 2084 2904 ciuile

700 2953 750 3016 ius
761 2950 962 3033 praetorium
973 2953 1067 3034 quasi
1079 2953 1201 3016 iustum
1217 2951 1381 3036 quoddam
1392 2951 1650 3034 supplementum
1662 2951 1849 3029 accessisse,
1862 2951 1972 3033 itaque
1986 2951 2086 3015 etiam

700 3061 752 3126 hic
764 3060 828 3124 dici
843 3061 1002 3144 potuisse:
1017 3065 1091 3147 quid
1104 3063 1228 3148 denique
1239 3064 1431 3128 edissenae
1445 3075 1497 3128 aut
1507 3064 1549 3126 od
1559 3065 1605 3126 ius
1612 3064 1796 3148 precarium
1807 3085 1876 3144 apes
1887 3053 2085 3124 interiorum?

700 3174 748 3236 Ac
762 3169 919 3253 profecto,
936 3171 964 3236 si
976 3169 1088 3238 Cicero
1104 3172 1166 3238 hoc
1177 3173 1321 3250 dixisset,
1337 3194 1432 3238 nemo
1448 3172 1488 3238 de
1504 3173 1619 3238 horum
1633 3170 1810 3238 uerborum
1824 3171 1857 3236 ui
1873 3191 1912 3236 ac
1927 3171 2087 3254 signitica-

700 3281 789 3346 tions
804 3279 1035 3358 dubitamsset,
1058 3282 1117 3348 sed
1133 3283 1249 3350 maluit
1269 3289 1307 3350 ut
1329 3289 1440 3350 orator
1465 3282 1616 3348 hocloco
1639 3303 1702 3348 non
1726 3289 1795 3348 tam
1813 3282 1863 3346 ius
1887 3281 2087 3364 praetorium

701 3411 799 3474 quam
814 3393 974 3475 praetoris
988 3393 1068 3458 iuris
1084 3393 1259 3460 dictionem
1273 3401 1373 3478 atque
1388 3415 1522 3477 operam
1536 3393 1731 3470 describere,
1748 3394 1859 3474 itaque
1873 3412 1933 3474 pro
1949 3411 1988 3456 en
2004 3390 2087 3454 dixit

700 3515 750 3568 ou
768 3503 810 3568 au
824 3509 973 3588 ,mnemia
993 3508 1147 3568 aon'omm
1165 3517 1255 3590 arque
1271 3507 1568 3568 arriomdurreionrm.
1598 3505 1627 3566 N
1634 3503 1816 3566 ctionem
1831 3509 1941 3566 autem
1957 3507 1990 3565 et
2004 3501 2086 3565 ani-

700 3613 1016 3680 maduersionem
1036 3634 1135 3695 quum
1154 3619 1338 3678 ceterorum
1363 3613 1612 3694 magistratuum
1632 3619 1703 3678 tum
1716 3613 1877 3695 praetoris
1893 3611 1993 3678 fuisse
2008 3631 2084 3695 pro·

701 3724 805 3806 priam
820 3723 885 3788 iam
900 3723 935 3790 P.
951 3722 1057 3792 Faber
1070 3723 1199 3806 egregie
1211 3723 1321 3790 multis
1333 3723 1412 3790 locis
1425 3723 1543 3790 adlatis
1556 3723 1674 3788 docuit.
1697 3723 1740 3788 Et
1755 3724 1918 3788 notionem
1930 3731 1963 3788 et
1976 3723 2083 3806 cogni-

701 3835 822 3900 tionem
845 3833 1006 3915 praetoris
1022 3832 1123 3900 fuisse
1145 3834 1178 3898 hi
1202 3834 1265 3900 looi
1285 3835 1365 3900 satis
1387 3839 1567 3910 testantur,
1593 3837 1705 3920 Dique.
1725 3835 1760 3900 L.
1786 3841 1833 3913 17,
1862 3841 1930 3899 105.
1952 3835 2087 3897 atr'eum·

702 3965 758 4027 que
772 3967 877 4014 canae
892 3947 1019 4027 eopse
1034 3957 1081 4018 en,
1099 3947 1273 4030 erepere
1292 3923 1483 4010 conteram.
1520 3943 1601 4008 rum.
1624 3943 1722 4008 nnn.
1747 3949 1776 4020 o,
1802 3950 1827 4007 1.
1848 3943 1876 4026 s.
1899 3950 1946 4007 n.
1970 3944 2020 4007 ne
2041 3944 2087 4008 aa

702 4063 798 4116 cutem
818 4054 952 4118 omuibus
971 4066 1070 4118 uaeas
1093 4055 1273 4118 admittenda
1292 4057 1442 4138 separatio
1459 4057 1498 4117 sit
1514 4077 1617 4130 aeone,
1633 4059 1778 4138 praetore
1800 4057 1853 4116 eru
1874 4054 1921 4117 uel
1935 4053 2086 4137 praesidis

704 4165 792 4236 notio,
807 4163 921 4228 auidior
935 4163 1197 4238 obmussant
1218 4167 1288 4236 eiua,
1310 4167 1362 4249 qui
1381 4167 1597 4249 reparationem
1616 4163 1782 4228 indulturum
1803 4177 1851 4230 eet.
1882 4161 2083 4226 Notionem

703 4279 813 4340 eutem
829 4272 1045 4356 cognitionem
1060 4293 1132 4340 esse
1149 4293 1234 4351 eam,
1256 4293 1355 4356 equa
1373 4273 1454 4338 iuris
1474 4273 1572 4338 dictio
1593 4273 1834 4357 proficiscatur,
1855 4273 2008 4337 docemur
2025 4273 2084 4338 Di·

700 4398 770 4470 peat.
786 4382 886 4452 XLII.
898 4389 962 4462 l‚o.
974 4405 1022 4466 pr.
1038 4385 1091 4450 Ait
1100 4397 1238 4469 proaor:
1253 4387 1356 4448 Cuius
1368 4387 1408 4448 de
1424 4403 1465 4448 ea
1479 4403 1516 4448 re
1532 4387 1617 4448 iuris
1633 4387 1737 4448 dictio
1753 4395 1816 4460 est,
1831 4384 1936 4448 nutius
1947 4387 2085 4448 (desen.-

702 4497 808 4561 Onius
821 4498 861 4560 de
876 4513 917 4560 ea
932 4513 969 4558 re
984 4497 1077 4560 notio
1092 4501 1173 4572 eat,
1189 4498 1226 4560 ut
1240 4501 1367 4560 taceam
1389 4493 1429 4558 de
1448 4494 1488 4558 iis
1508 4493 1588 4560 loeis
1611 4493 1666 4560 ubi
1686 4495 1727 4559 ab
1748 4493 1818 4577 ipso
1836 4494 1990 4559 Cicerone
2007 4515 2080 4584 oen-

704 4605 786 4668 soris
802 4607 917 4670 notio
930 4611 1028 4688 atque
1043 4605 1244 4670 iudicium
1264 4605 1504 4684 consocientur,
1525 4606 1624 4670 veluti
1641 4629 1701 4692 pro
1726 4606 1762 4670 P.
1787 4605 1878 4670 δαείω
1902 4611 1957 4683 25,
1983 4612 2032 4669 55.
2051 4608 2086 4668 de

700 4718 835 4800 pronior.
844 4739 921 4780 coos.
932 4719 1082 4792 regern
1093 4717 1132 4782 L.
1141 4717 1205 4782 Pa.
1214 4723 1242 4790 5,
1253 4721 1301 4782 10.
1315 4719 1351 4780 de
1365 4719 1444 4802 offic.
1453 4716 1509 4780 III.
1519 4723 1568 4795 31,
1579 4721 1647 4782 lll.
1663 4717 1799 4782 Praeter
1811 4717 1974 4782 notionem
1987 4713 2085 4778 etiam

704 4823 943 4890 animaduersio
958 4829 1119 4908 praetoris
1135 4847 1283 4894 maxume
1301 4833 1371 4892 erat
1385 4827 1532 4909 propria,
1549 4829 1631 4892 conf.
1648 4829 1760 4913 Dipert.
1777 4828 1841 4892 XL.
1862 4834 1908 4903 10,
1928 4829 1974 4888 15.
1991 4827 2018 4907 ξ.
2035 4829 2084 4888 25.

705 4931 757 5002 Aa
766 4947 905 5020 pronor:
920 4937 957 4999 Si
973 4940 1049 5014 quis
1065 4943 1231 5004 aduersus
1251 4957 1293 5016 ea
1316 4941 1451 5014 feeerit,
1471 4948 1571 5016 prout
1593 4957 1744 5018 quaeque
1765 4957 1821 5001 res
1840 4940 1921 5010 erit,
1942 4939 2085 5000 animad·
2206 4940 2215 4956 ’
