4880 6538
1154 914 1595 994 ‚we-

681 1115 799 1180 oeteris
814 1113 918 1187 libris,
942 1111 1051 1190 focile,
1074 1134 1170 1196 quum
1185 1133 1360 1196 pronomen
1382 1111 1569 1192 adnomen,
1590 1115 1678 1196 quod
1700 1115 1906 1198 sequebatur,
1930 1116 2067 1182 edelmu-

681 1231 812 1308 luoetur,
829 1231 925 1296 scribi
941 1232 1052 1314 potuit.
1086 1237 1092 1248 '

768 1350 800 1414 Ο.
817 1349 929 1416 XXVI.
953 1354 982 1431 §-
1000 1356 1050 1414 74.
1074 1350 1222 1414 Baiterus
1238 1349 1351 1414 edidit:
1386 1349 1467 1428 Quid
1489 1355 1568 1416 enim
1589 1354 1679 1437 refert
1698 1356 1785 1418 cedes
1804 1367 1855 1417 out
1867 1355 2005 1440 fundum
2024 1379 2068 1419 re·

680 1474 778 1536 tuom
792 1495 812 1536 e
821 1483 914 1556 petre
928 1483 979 1534 cut
992 1471 1093 1556 alique
1107 1473 1218 1534 ratione
1233 1470 1338 1535 Iabere
1358 1471 1429 1534 bene
1446 1482 1586 1553 portum,
1607 1475 1634 1535 n·
1651 1475 1793 1536 mentum
1807 1483 1861 1545 est,
1877 1445 2068 1558 quaecunque

681 1601 732 1654 use
746 1593 810 1653 iure
824 1593 968 1673 mancipii
980 1601 1057 1666 meet,
1074 1612 1108 1652 eo
1120 1591 1252 1674 possisne
1267 1591 1409 1662 retmere,
1424 1591 1451 1651 ei
1462 1611 1574 1672 punem
1588 1591 1803 1654 oemenunitum
1822 1603 1861 1654 est
1874 1593 1921 1654 ius
1935 1592 2020 1655 elude
2035 1615 2071 1654 ee

678 1709 801 1794 publica
816 1711 875 1791 ispe
891 1721 992 1772 coutm
1005 1710 1128 1772 alicuius
1140 1710 1274 1792 proteum
1290 1709 1383 1770 teneri
1392 1730 1449 1770 noer
1456 1705 1572 1792 potest?
1587 1705 1708 1783 Quibus
1719 1706 1751 1770 in
1767 1707 1875 1772 uerbis
1892 1707 2069 1790 permultae

682 1845 736 1888 res
752 1832 834 1903 sunt,
851 1825 883 1889 in
900 1825 1012 1906 quibus
1028 1825 1097 1889 iure
1112 1825 1315 1898 haereamus,
1338 1843 1531 1906 quemquem
1546 1845 1585 1888 ex
1600 1829 1693 1908 perte
1708 1826 1806 1890 etism
1822 1825 1983 1910 Kayserus
2001 1825 2070 1890 Bsi-

682 1943 742 2008 teri
764 1945 919 2008 rationein
943 1949 1071 2008 secutus
1094 1951 1151 2008 est.
1196 1944 1242 2006 Ae
1264 1941 1399 2024 primum
1423 1941 1551 2025 quidem
1567 1942 1681 2008 uerba:
1713 1963 1913 2030 quecumque
1934 1957 1986 2008 suo
2007 1948 2071 2009 iure

682 2065 827 2148 mancipii
840 2076 919 2136 suot,
934 2069 1020 2126 recte
1037 2070 1107 2126 sese
1123 2061 1241 2126 hebere
1256 2081 1321 2126 uon
1335 2059 1493 2125 uidentur.
1516 2059 1628 2143 Neque
1640 2062 1723 2126 enim
1737 2063 1770 2124 in
1786 2047 1956 2126 librisists
1970 2063 2072 2126 uerbs

684 2181 804 2263 scriptu
834 2189 909 2246 sunt
937 2201 1057 2262 neque,
1088 2202 1188 2263 quum
1218 2180 1410 2245 sententium
1439 2181 1541 2262 ipsam
1572 2187 1769 2264 spectemus,
1807 2179 1879 2244 huic
1910 2180 2072 2244 Ciceronis

684 2299 823 2364 orationi
839 2299 1042 2362 conueniunt.
1085 2299 1294 2385 Quaecumque
1310 2300 1393 2361 enim
1412 2299 1444 2362 in
1460 2297 1544 2362 hunc
1559 2273 1662 2364 locum
1678 2321 1740 2364 non
1757 2299 1853 2370 cedit,
1868 2298 1924 2363 ubi
1939 2299 2072 2380 simplex

683 2442 759 2506 pree
771 2417 938 2482 dicendum
950 2422 1030 2482 eret
1058 2416 1158 2494 Quem
1172 2417 1212 2481 ob
1224 2437 1291 2480 rem
1302 2437 1399 2498 quum
1413 2417 1529 2482 elibris
1540 2439 1636 2481 menu
1648 2418 1776 2500 scriptis
1788 2422 1917 2499 praeter
1932 2415 2070 2480 codicem

686 2539 957 2622 Tegernseensem
973 2535 1118 2600 omnibus
1134 2539 1298 2599 enctetum
1314 2539 1412 2598 essct:
1436 2561 1511 2621 quoe
1526 2561 1592 2600 eum
1609 2541 1709 2600 omnm
1723 2550 1782 2609 uto,
1805 2557 1822 2599 e
1838 2533 1947 2600 codice
1963 2541 2071 2597 eutem

686 2654 914 2740 Tegernseensi
926 2653 1123 2718 adferretur:
1140 2678 1216 2739 quoe
1227 2658 1309 2718 mino
1321 2667 1380 2732 uuo,
1393 2675 1451 2736 ego
1463 2655 1495 2716 in
1507 2655 1589 2717 Neo.
1601 2656 1702 2720 cnud.
1713 2655 1815 2739 plulol.
1831 2667 1857 2718 et
1864 2654 1994 2740 poedap.
2011 2652 2072 2715 uol.

685 2773 858 2840 LXXXIX.
882 2795 912 2854 p.
937 2775 999 2836 499
1022 2793 1069 2853 sq.
1090 2771 1170 2836 illud
1192 2772 1326 2835 uerbum
1348 2772 1400 2835 hic
1422 2771 1642 2834 oblitteratum
1666 2792 1736 2836 esse
1759 2772 1834 2849 dixi,
1858 2772 1953 2854 quod,
1977 2791 2073 2853 quum

685 2893 789 2956 rarius
812 2891 844 2954 in
870 2889 1033 2954 Ciceronis
1059 2890 1186 2972 scriptis
1209 2889 1379 2972 legeretur,
1403 2889 1497 2952 etism
1523 2889 1586 2952 ulio
1610 2889 1652 2953 M.
1676 2889 1771 2952 Tullii
1794 2889 1863 2954 loco
1887 2895 2073 2972 corruptum

687 3015 781 3083 esset,
799 3029 836 3071 ec
849 3009 1058 3090 pronuntisui
1073 3007 1149 3071 mihi
1165 3007 1368 3072 scribendum
1384 3007 1498 3070 uideri:
1519 3011 1706 3072 silescentem
1721 3021 1770 3080 est,
1784 3031 1860 3094 qseee
1874 3010 2005 3073 domines
2021 3023 2074 3072 true

687 3134 751 3194 iure
765 3131 910 3214 mancipii
923 3141 1000 3206 sont,
1017 3152 1051 3192 eo
1064 3132 1195 3211 possisne
1210 3129 1333 3192 retinere
1344 3131 1403 3190 etc.
1421 3125 1459 3190 de
1472 3147 1573 3208 esque
1585 3127 1744 3208 scripture
1761 3147 1798 3190 eo
1816 3128 1917 3190 minus
1933 3127 2073 3191 dubitari

686 3247 815 3330 poterit,
831 3243 916 3326 iruod
933 3246 979 3309 sic
998 3251 1154 3311 eteorum
1170 3245 1341 3310 uerborum
1357 3251 1414 3308 sut
1424 3245 1612 3322 litterarum,
1625 3265 1706 3328 quse
1722 3245 1755 3308 in
1769 3245 1859 3309 llbris
1875 3253 1958 3322 sunt,
1975 3265 2074 3308 ceusu

686 3337 816 3429 scretis
825 3362 918 3445 plene
933 3369 1069 3442 constet,
1082 3365 1273 3446 praesertim
1286 3385 1381 3444 quum
1394 3385 1456 3426 uox
1473 3367 1604 3428 dominio
1614 3365 1711 3428 etism
1722 3363 1755 3426 in
1764 3363 1925 3426 Ciceronis
1938 3365 2073 3426 Accusat.
2123 3385 2133 3394 ⁴

684 3481 784 3556 111.4,
802 3487 830 3542 9.
848 3480 958 3544 eodem
981 3482 1047 3544 lere
1070 3481 1163 3545 modo
1185 3488 1337 3562 corrupte
1358 3481 1413 3556 sit,
1437 3488 1470 3542 et
1492 3481 1651 3544 sententie
1673 3482 1744 3562 ipss
1766 3483 1893 3564 egregie
1915 3481 2073 3563 congruit.

685 3599 732 3662 De
748 3599 917 3663 dominio
933 3600 1026 3670 enim,
1044 3599 1128 3680 quod
1145 3603 1195 3662 est
1209 3598 1335 3680 plenum
1351 3598 1400 3660 ius
1415 3597 1549 3662 alicuine
1564 3599 1628 3674 rei,
1644 3621 1791 3663 maxume
1806 3600 1867 3664 hoc
1882 3599 1952 3663 loco
1969 3599 2076 3681 egitur

684 3715 782 3798 idque
805 3717 940 3898 cmm
962 3717 1008 3780 sic
1031 3715 1150 3800 legitur
1172 3720 1359 3796 usurpatum
1382 3717 1414 3778 in
1437 3716 1506 3780 Ioco
1530 3716 1695 3800 PomponIi
1716 3717 1788 3780 Rufi
1811 3719 1896 3800 apud
1911 3717 2075 3782 Valerium

685 3833 825 3898 Mstmu
914 3834 933 3895 '.
958 3841 985 3898 4.
1012 3856 1056 3916 pr.
1082 3843 1113 3898 et
1135 3833 1219 3916 apud
1243 3833 1382 3898 Plinium
1400 3837 1462 3900 lius.
1486 3849 1545 3898 neu
1570 3835 1729 3900 XXXVII.
1753 3841 1782 3914 ᾖ.
1810 3842 1877 3898 117.
1894 3837 1942 3900 ed.
1960 3836 2026 3900 Sill.
2044 3843 2076 3898 et

685 3953 814 4034 saepius
840 3953 968 4034 quidem
984 3953 1015 4016 in
1031 3953 1120 4018 libris
1136 3953 1214 4016 iniis
1230 3951 1463 4027 consultorum,
1487 3953 1587 4016 ueluti
1604 3955 1688 4035 apud
1705 3955 1818 4016 Guium
1843 3958 1907 4019 irus.
1925 3955 1964 4018 II.
1982 3957 2007 4038 ᾖ.
2024 3960 2074 4018 44.

685 4075 770 4158 quod
781 4074 847 4136 ideo
862 4086 1008 4158 receptum
1025 4073 1154 4142 uidetur,
1171 4095 1206 4134 ue
1221 4094 1321 4136 rerum
1341 4072 1475 4134 (tuniolo
1490 4073 1600 4134 elisisse
1615 4076 1645 4134 io
1669 4077 1782 4134 incerto
1799 4086 1905 4144 essent,
1928 4097 1995 4135 cum
2011 4075 2075 4156 suf-

678 4195 783 4278 ficeret
797 4192 915 4254 domino
930 4193 971 4253 ad
986 4189 1194 4276 inquirendam
1208 4213 1271 4252 rem
1286 4214 1371 4254 suom
1386 4193 1458 4252 anni
1470 4205 1520 4254 aut
1536 4192 1646 4254 uenus
1659 4193 1795 4273 spatium,
1811 4191 1892 4275 quod
1908 4202 2022 4274 ternpus
2037 4193 2079 4252 ed

686 4313 897 4396 usucupr'emm
912 4307 1078 4396 possessori
1097 4309 1236 4372 imbutum
1251 4321 1299 4371 est.
1323 4312 1355 4369 et
1374 4309 1487 4394 Dipest.
1510 4307 1590 4372 XLI.
1615 4313 1646 4384 3,
1666 4313 1691 4370 1.
1714 4311 1789 4371 hoco
1802 4310 1920 4394 publico
1934 4312 2076 4394 usucapio

686 4431 853 4492 edredesie
875 4441 928 4504 est,
951 4453 987 4493 oc
1008 4430 1112 4492 sciisset
1133 4429 1323 4512 quorundum
1345 4451 1447 4490 rerum
1469 4429 1521 4490 diu
1546 4440 1571 4490 el
1589 4427 1656 4512 fere
1679 4451 1793 4512 semper
1810 4432 1920 4490 incerte
1943 4429 2078 4490 dominiis

685 4561 788 4620 essere,
813 4571 879 4610 curn
899 4550 1051 4634 sufficeret
1073 4547 1200 4609 dmns'nis
1221 4547 1262 4608 od
1288 4547 1479 4632 inquirendus
1504 4571 1550 4610 res
1569 4569 1638 4609 suos
1660 4549 1762 4610 statuti
1783 4551 1919 4630 telesperus
1941 4551 2077 4631 spatione

687 4671 791 4748 Atque
814 4665 897 4748 apud
919 4667 988 4730 iure
1011 4663 1174 4729 consultos
1191 4664 1286 4727 etiem
1302 4664 1356 4727 ills
1376 4664 1448 4747 ipss
1469 4663 1606 4728 formula
1626 4667 1789 4728 dominium
1813 4668 1934 4730 reticere
1951 4647 2078 4745 ssepiirs

691 4784 864 4855 inuenitur,
881 4785 982 4846 ueluti
998 4789 1041 4849 rei
1053 4809 1124 4848 suae
1135 4779 1433 4848 dominium'rete'nere
1446 4781 1563 4864 legilur
1578 4784 1609 4844 in
1619 4783 1734 4867 Dspeet.
1745 4783 1769 4846 Ι.
1787 4789 1815 4859 5,
1830 4787 1890 4860 uu,
1907 4787 1970 4845 iore
1990 4784 2080 4866 empti

691 4905 857 4968 dominium
872 4905 991 4968 reticem
1014 4907 1063 4964 est
1081 4903 1113 4964 in
1130 4904 1253 4987 Fropm.
1275 4901 1365 4965 (lette.
1389 4905 1417 4982 ξ.
1439 4906 1467 4962 9.
1490 4901 1700 4984 similiterque
1724 4901 1839 4964 dicitnr
1855 4925 1912 4984 per
1925 4905 2079 4984 mancipe-
