4880 6538
1218 931 1650 1002 ...-...-6.-..........

734 1147 794 1209 ego
802 1125 834 1190 in
845 1126 1116 1192 Emendatioar'bnr
1130 1129 1303 1196 1111111.
1315 1149 1341 1194 c.
1354 1149 1598 1214 proposueram,
1608 1131 1688 1194 satis
1697 1127 1827 1193 defendi
1835 1147 1932 1211 posse
1938 1127 2122 1194 uidebatur.

734 1237 856 1302 Uerum
872 1241 980 1301 tamen
996 1236 1029 1301 in
1044 1237 1094 1302 his
1110 1239 1190 1305 locis
1205 1261 1312 1324 neque
1332 1246 1423 1306 certa
1444 1241 1552 1306 omnia
1572 1245 1648 1305 sunt
1663 1259 1747 1322 quae
1769 1238 1897 1321 punctis
1918 1244 2033 1304 notata
2047 1243 2123 1302 sunt

733 1382 777 1392 -
792 1367 886 1411 nemo
902 1347 988 1412 enim
1002 1346 1064 1410 hoc
1081 1351 1276 1414 contendere
1291 1351 1414 1434 poterit
1429 1353 1537 1436 depelli
1550 1351 1617 1414 loeo
1633 1349 1696 1414 dici
1707 1367 1812 1432 posse,
1825 1349 1936 1434 depelli
1949 1349 1987 1413 de
2002 1349 2073 1426 laco,
2089 1347 2121 1412 id

734 1457 820 1539 quod
836 1457 891 1520 illo
906 1457 977 1520 loco
994 1457 1093 1520 etiam
1109 1461 1209 1523 ceteri
1224 1459 1299 1524 libri
1311 1465 1454 1538 tuentur,
1470 1461 1534 1524 dici
1549 1481 1614 1524 non
1628 1479 1724 1543 posse
1739 1495 1782 1506 -
1797 1463 1913 1522 etcum
1927 1458 2122 1522 sententiam

733 1568 838 1650 ipsam
854 1571 1048 1649 spectamus,
1065 1565 1169 1632 altera
1185 1569 1347 1652 scriptura
1361 1589 1465 1652 paene
1479 1575 1648 1652 praestare
1663 1568 1809 1646 uidetur,
1824 1588 1890 1651 qua
1905 1567 1945 1634 de
1961 1588 1997 1632 re
2013 1573 2046 1632 et
2061 1587 2121 1650 ego

734 1677 766 1740 in
791 1677 899 1760 priore
916 1675 1056 1740 editione
1073 1698 1146 1742 mea
1161 1677 1306 1743 dixeram
1320 1701 1350 1762 p.
1368 1679 1436 1744 VII.
1452 1685 1486 1744 et
1499 1678 1650 1744 Kellerus
1666 1678 1749 1742 dixit
1763 1679 1796 1742 in
1814 1679 2005 1744 8111111111
2018 1677 2060 1742 ad
2075 1678 2120 1740 M.

743 1790 771 1852 Τ
769 1787 874 1852 alliam
897 1785 1065 1852 Ciceronem
1077 1787 1140 1854 nol,
1153 1787 1178 1852 1.
1189 1810 1219 1871 p.
1232 1793 1304 1854 439.
1338 1789 1449 1854 Uerba
1460 1790 1545 1854 enim
1562 1789 1759 1854 endecadem
1772 1789 1827 1852 lac
1841 1787 1902 1854 hoc
1913 1786 1975 1852 sibi
1990 1787 2120 1852 uolunt:

736 1910 774 1960 at
796 1897 838 1960 de
863 1899 993 1972 lacre,
1014 1919 1109 1982 quoe
1129 1911 1182 1964 eet
1201 1902 1241 1966 de
1260 1901 1381 1966 codem
1399 1923 1554 1986 perere,
1576 1921 1673 1984 qaae
1688 1901 1861 1984 plancio
1882 1921 2038 1963 rrumsro
2064 1920 2123 1962 re·

735 2033 815 2071 rem
829 2011 1140 2094 turpissumarnm
1159 2013 1371 2096 reponenda
1392 2023 1455 2076 est.
1485 2009 1579 2088 Quod
1596 2031 1696 2093 quum
1711 2009 1758 2072 111
1773 2008 1823 2086 sit,
1840 2007 2051 2072 obtinendum
2066 2027 2123 2090 po·

635 2207 637 2212 ,
735 2118 800 2182 tius
817 2137 931 2182 censeo
948 2117 990 2196 id,
1007 2118 1093 2200 quod
1105 2119 1242 2186 totidem
1255 2121 1373 2186 litteris
1385 2121 1418 2184 in
1430 2119 1540 2184 codice
1552 2120 1763 2204 palimpsesto
1773 2118 1906 2200 legitur:
1922 2129 1956 2182 ae
1972 2118 2008 2183 de
2022 2119 2123 2184 cadem

734 2231 797 2304 liae,
814 2233 893 2313 peric,
910 2248 1007 2308 qnam
1024 2221 1160 2292 alteram
1176 2231 1335 2294 rationem
1351 2251 1484 2312 sequar,
1500 2249 1583 2312 quae
1603 2249 1712 2310 perse
1728 2227 1873 2308 intellegi
1890 2232 2000 2310 potest
2013 2227 2069 2301 ita,
2086 2233 2123 2291 ut

738 2339 841 2402 eadem
856 2337 899 2398 sit
914 2335 1027 2399 similis
1043 2357 1094 2400 res
1110 2343 1167 2400 aut
1182 2339 1287 2420 turpis
1303 2357 1413 2418 eausa.¹

822 2446 857 2510 Ο.
871 2445 928 2510 ΙΠ.
945 2448 971 2528 5.
988 2450 1017 2508 8.
1034 2465 1145 2510 omnes
1161 2445 1229 2511 fere
1245 2447 1349 2512 critici
1365 2446 1530 2512 Ciceronis
1546 2447 1649 2512 uerba
1664 2465 1749 2510 nnnc
1763 2446 1811 2510 ita
1826 2445 2040 2528 scripserunt:
2063 2445 2122 2510 Po·

735 2557 1346 2644 111111111111111111111111111191111
1370 2561 1495 2643 potuisti
1507 2561 1551 2622 ad
1568 2571 1652 2623 tunm
1667 2561 1715 2621 ius
1722 2557 1865 2643 faciliore
1885 2568 1909 2620 et
1924 2558 2122 2620 commodiore

735 2669 846 2732 iudicio
864 2670 1041 2753 peruenire:
1072 2691 1132 2750 pua
1154 2691 1186 2732 re
1206 2681 1259 2731 ant
1284 2673 1595 2753 11111111111111
1619 2671 1681 2732 noli
1699 2669 1774 2731 mibi
1793 2671 1914 2738 iactare,
1939 2679 1970 2728 ul
1990 2668 2124 2738 caelebem,

737 2797 933 2860 quamquam
954 2777 1061 2840 cuncti
1082 2777 1135 2840 hie
1155 2775 1242 2855 libri,
1265 2777 1299 2841 in
1314 2777 1365 2841 his
1386 2778 1484 2842 etiam
1503 2777 1733 2861 palimpsestus
1749 2775 1970 2852 Taurinensis,
1996 2775 2123 2840 codices

736 2885 985 2970 Tegernseensis
1010 2891 1043 2950 et
1058 2885 1276 2964 Erfurtensis,
1298 2867 1454 2970 scriptum
1474 2886 1598 2952 habent
1616 2889 1740 2964 leuiore,
1761 2905 1826 2950 non
1845 2888 1961 2951 tectiore.
2005 2885 2124 2949 Fateor

737 3017 949 3080 permagnum
965 2996 997 3059 in
1013 2995 1106 3060 libris
1123 2995 1295 3060 discrimen
1311 3017 1375 3060 non
1391 3016 1462 3061 esse
1482 2997 1568 3061 inter
1582 2999 1691 3062 lenicre
1706 3001 1740 3061 et
1753 2999 1864 3062 leuiore
1885 3000 1943 3059 ant
1957 2996 2042 3058 inter
2057 2995 2125 3058 LE·

716 3106 871 3172 ,monn
887 3111 919 3170 11
934 3104 1130 3183 LEUIORE,
1147 3127 1340 3189 quamquam
1363 3107 1395 3171 in
1417 3107 1526 3172 codice
1547 3107 1758 3192 palimpsesto
1779 3107 1847 3172 sine
1868 3104 1966 3170 dubio
1982 3104 2124 3168 LAENI·

739 3217 821 3280 thE
843 3215 904 3280 hoc
924 3235 1052 3298 quoque
1073 3215 1144 3280 loco
1166 3217 1322 3300 scriptum
1343 3239 1414 3283 esse
1438 3217 1563 3296 debuit,
1593 3219 1620 3282 si
1646 3218 1715 3283 eius
1740 3217 1859 3282 codicis
1885 3216 2024 3297 scriptor
2054 3235 2125 3278 eam

737 3327 934 3410 scripturam
954 3325 1055 3390 uellet
1076 3335 1337 3409 repraesentare,
1365 3349 1431 3412 qua
1458 3329 1498 3392 de
1519 3350 1555 3393 re
1577 3328 1728 3410 deinceps
1750 3327 1889 3403 dicetur,
1918 3327 1975 3390 sed
2002 3325 2125 3409 aliquid

738 3443 846 3502 tamen
869 3437 902 3500 in
921 3436 972 3500 his
994 3453 1122 3517 cinoque
1143 3435 1241 3501 rebus
1263 3437 1451 3502 auctoritati
1471 3438 1629 3502 librorum
1657 3435 1866 3501 tribuendum
1889 3442 1954 3513 est,
1980 3457 2063 3518 quae
2085 3457 2124 3499 ne

737 3553 806 3612 tum
823 3547 961 3630 quidem,
978 3547 1005 3610 si
1020 3545 1125 3610 leuius
1141 3545 1313 3610 discrimen
1326 3567 1398 3612 esse
1413 3547 1572 3626 uideatur,
1586 3545 1996 3629 prorsusneglegendaest.
2025 3547 2125 3611 Pona-

738 3679 809 3722 mus
830 3657 930 3739 igitur
950 3655 1088 3739 primum
1108 3656 1156 3734 id,
1180 3657 1267 3739 quod
1292 3657 1325 3721 11
1346 3657 1438 3722 libris
1461 3663 1523 3722 est:
1560 3658 1688 3722 Potricli
1706 3660 1782 3722 enim
1804 3657 1917 3721 leuiore
1931 3660 2044 3721 actione
2059 3680 2125 3721 coa-

728 3767 835 3853 stipere
855 3773 928 3844 111,
952 3771 986 3830 11
1005 3766 1188 3846 uideamus,
1210 3768 1355 3851 possitne
1376 3767 1410 3832 id
1429 3774 1518 3833 recte
1540 3767 1693 3851 intellegi.
1738 3767 1874 3832 Leniore
1904 3766 2030 3831 actione
2052 3785 2126 3830 con·

738 3877 849 3960 iligere
866 3883 954 3941 reete
971 3877 1050 3956 dioi,
1066 3879 1093 3942 si
1110 3879 1181 3962 quis
1199 3877 1279 3942 uelit
1292 3875 1354 3942 hoc
1370 3877 1552 3960 significare
1572 3879 1729 3942 actione
1744 3877 1869 3942 minus
1886 3877 1999 3960 graui
2015 3884 2053 3942 et
2068 3897 2124 3954 ea,

740 4007 841 4070 quae
864 3987 990 4050 minus
1007 4009 1104 4064 eum,
1120 3989 1158 4052 in
1174 4009 1287 4070 quem
1303 3986 1505 4070 dirigitur,
1522 3987 1667 4065 laedat,
1683 3990 1755 4066 uti,
1772 4009 1865 4052 nemo
1877 3994 1987 4070 potest
1997 4009 2126 4071 negare,

740 4097 766 4162 si
782 4095 878 4160 modo
895 4117 934 4161 ea
949 4096 1052 4160 uerba
1068 4097 1214 4162 conferat
1230 4117 1312 4180 quae
1328 4098 1590 4181 legunturhuius
1606 4099 1761 4162 orationis
1773 4101 1800 4182 ς’.
1816 4105 1842 4161 7.
1859 4121 1985 4182 qaorum
2002 4099 2128 4163 alterum

740 4209 908 4287 (iudicium)
931 4210 1023 4273 leuius
1043 4220 1099 4283 ert,
1120 4221 1283 4292 propterea
1302 4209 1386 4294 qnod
1405 4212 1547 4274 aiminus
1561 4211 1649 4275 laedit
1670 4221 1698 4276 et
1709 4231 1855 4295 persaepe
1870 4209 2060 4292 disceptatore
2075 4209 2125 4272 do-

739 4323 852 4384 mestico
868 4319 1055 4383 cliindicctar.
1101 4317 1171 4381 Hoc
1187 4316 1271 4396 loco,
1287 4339 1351 4401 quo
1367 4339 1387 4382 1
1407 4318 1498 4383 trullo
1515 4319 1627 4382 critico
1642 4339 1726 4400 quae
1741 4319 1775 4382 in
1790 4317 1881 4382 libris
1898 4322 1948 4382 111
1959 4319 2126 4410 scriptura

739 4431 832 4494 leniae
850 4434 977 4494 mutata
1000 4433 1064 4506 est,
1088 4426 1228 4502 efficitur
1247 4427 1404 4494 leniorem
1426 4428 1585 4494 actionem
1609 4427 1770 4492 samiera
1799 4447 1884 4508 esse,
1913 4449 1996 4510 qnae
2023 4430 2126 4492 miuus

740 4537 859 4615 laedat,
877 4546 909 4604 et
924 4546 1013 4604 recte
1030 4538 1173 4622 grauiori
1190 4538 1323 4617 actioni,
1341 4559 1405 4621 qua
1420 4559 1561 4622 persona
1576 4539 1659 4618 eius,
1682 4537 1714 4602 in
1731 4559 1826 4621 quem
1842 4537 1925 4601 actio
1941 4539 2128 4615 intenditur,

740 4649 773 4712 in
788 4649 966 4729 periculum
983 4649 1088 4714 lamae
1105 4653 1249 4727 uocatur,
1266 4650 1393 4732 opponi,
1409 4649 1511 4714 ueluti
1526 4650 1558 4712 in
1575 4650 1735 4726 oratione,
1753 4669 1836 4731 quae
1853 4655 1903 4712 est
1919 4673 1979 4735 pro
2006 4647 2042 4725 Q.
2064 4649 2127 4711 llo-

739 4762 799 4824 ccio
816 4761 959 4823 comoedo
976 4764 1004 4832 9,
1020 4763 1070 4823 25.
1106 4759 1190 4839 Quae
1205 4783 1297 4846 quum
1311 4764 1352 4824 ita
1366 4763 1441 4833 sint,
1461 4784 1514 4824 cur
1535 4781 1595 4823 nore
1618 4761 1761 4824 arbitrum
1776 4763 1925 4844 procacio
1941 4761 2072 4842 adegeris
2091 4757 2126 4836 Q.

741 4871 882 4934 lioaciurn
905 4891 1026 4953 qtcacro.
1050 4907 1086 4916 -
1106 4870 1284 4936 Formulorrr
1304 4891 1365 4934 111
1386 4892 1544 4936 11111.-
1562 4869 1739 4949 Nolieauma
1758 4847 1892 4936 1911.-
1910 4869 2023 4930 Ircclirio
2042 4873 2132 4952 praui
