<?xml version="1.0" encoding="UTF-8"?>
<!DOCTYPE html PUBLIC "-//W3C//DTD XHTML 1.0 Transitional//EN"
    "http://www.w3.org/TR/xhtml1/DTD/xhtml1-transitional.dtd">
<html xmlns="http://www.w3.org/1999/xhtml" xml:lang="en" lang="en">
 <head>
  <title>
</title>
<meta http-equiv="Content-Type" content="text/html;charset=utf-8" />
  <meta name='ocr-system' content='tesseract 3.04.00' />
  <meta name='ocr-capabilities' content='ocr_page ocr_carea ocr_par ocr_line ocrx_word'/>
</head>
<body>
  <div class='ocr_page' id='page_1' title='image "adnotationumcri00klotgoog_0041.png"; bbox 0 0 4880 6538; ppageno 0'>
   <div class='ocr_carea' id='block_1_1' title="bbox 1180 903 1691 1018">
    <p class='ocr_par' dir='ltr' id='par_1_1' title="bbox 1180 903 1691 1018">
     <span class='ocr_line' id='line_1_1' title="bbox 1180 903 1691 1018; baseline 0.008 -2"><span class='ocrx_word' id='word_1_1' title='bbox 1180 981 1327 992; x_wconf 79' lang='lat'>-—--</span> <span class='ocrx_word' id='word_1_2' title='bbox 1387 949 1433 1018; x_wconf 87' lang='lat'>34</span> <span class='ocrx_word' id='word_1_3' title='bbox 1494 903 1691 991; x_wconf 52' lang='grc'>--”</span> 
     </span>
    </p>
   </div>
   <div class='ocr_carea' id='block_1_2' title="bbox 716 1145 2097 1665">
    <p class='ocr_par' dir='ltr' id='par_1_2' title="bbox 716 1145 2097 1665">
     <span class='ocr_line' id='line_1_2' title="bbox 720 1145 2097 1238; baseline 0.012 -34"><span class='ocrx_word' id='word_1_4' title='bbox 720 1145 798 1204; x_wconf 88' lang='lat' dir='ltr'>Hinc</span> <span class='ocrx_word' id='word_1_5' title='bbox 813 1165 838 1204; x_wconf 89' lang='lat' dir='ltr'>a.</span> <span class='ocrx_word' id='word_1_6' title='bbox 853 1147 945 1208; x_wconf 85' lang='lat' dir='ltr'><strong>LVII.</strong></span> <span class='ocrx_word' id='word_1_7' title='bbox 955 1147 1086 1226; x_wconf 89' lang='lat' dir='ltr'>Lipsiam</span> <span class='ocrx_word' id='word_1_8' title='bbox 1102 1151 1195 1225; x_wconf 85' lang='lat' dir='ltr'>uenit,</span> <span class='ocrx_word' id='word_1_9' title='bbox 1213 1159 1246 1212; x_wconf 93' lang='lat' dir='ltr'>ut</span> <span class='ocrx_word' id='word_1_10' title='bbox 1260 1153 1428 1233; x_wconf 70' lang='lat' dir='ltr'><strong>theologiae</strong></span> <span class='ocrx_word' id='word_1_11' title='bbox 1439 1154 1543 1214; x_wconf 86' lang='lat' dir='ltr'>studio</span> <span class='ocrx_word' id='word_1_12' title='bbox 1558 1174 1590 1214; x_wconf 86' lang='lat' dir='ltr'>se</span> <span class='ocrx_word' id='word_1_13' title='bbox 1605 1155 1737 1227; x_wconf 81' lang='lat' dir='ltr'>dederet,</span> <span class='ocrx_word' id='word_1_14' title='bbox 1755 1161 1786 1216; x_wconf 88' lang='lat' dir='ltr'>et</span> <span class='ocrx_word' id='word_1_15' title='bbox 1801 1155 1963 1218; x_wconf 83' lang='lat' dir='ltr'>liebraieae</span> <span class='ocrx_word' id='word_1_16' title='bbox 1978 1159 2097 1238; x_wconf 72' lang='lat' dir='ltr'>Hagnae</span> 
     </span>
     <span class='ocr_line' id='line_1_3' title="bbox 718 1232 2096 1317; baseline 0.012 -28"><span class='ocrx_word' id='word_1_17' title='bbox 718 1232 906 1307; x_wconf 87' lang='lat' dir='ltr'>potissimum</span> <span class='ocrx_word' id='word_1_18' title='bbox 922 1253 1039 1312; x_wconf 86' lang='lat' dir='ltr'>operam</span> <span class='ocrx_word' id='word_1_19' title='bbox 1054 1237 1147 1296; x_wconf 89' lang='lat' dir='ltr'>dedit.</span> <span class='ocrx_word' id='word_1_20' title='bbox 1170 1242 1204 1297; x_wconf 83' lang='grc' dir='ltr'>Α.</span> <span class='ocrx_word' id='word_1_21' title='bbox 1220 1239 1300 1298; x_wconf 86' lang='lat' dir='ltr'>LXI.</span> <span class='ocrx_word' id='word_1_22' title='bbox 1316 1240 1491 1300; x_wconf 88' lang='lat' dir='ltr'>candidatus</span> <span class='ocrx_word' id='word_1_23' title='bbox 1506 1240 1683 1317; x_wconf 72' lang='lat' dir='ltr'>theologiae,</span> <span class='ocrx_word' id='word_1_24' title='bbox 1698 1261 1724 1300; x_wconf 83' lang='lat' dir='ltr'>a.</span> <span class='ocrx_word' id='word_1_25' title='bbox 1735 1241 1849 1301; x_wconf 89' lang='lat' dir='ltr'><strong>LXIII.</strong></span> <span class='ocrx_word' id='word_1_26' title='bbox 1860 1243 2036 1305; x_wconf 85' lang='lat' dir='ltr'>candidatus</span> <span class='ocrx_word' id='word_1_27' title='bbox 2051 1265 2096 1306; x_wconf 89' lang='lat' dir='ltr'>ra·</span> 
     </span>
     <span class='ocr_line' id='line_1_4' title="bbox 718 1318 2097 1394; baseline 0.013 -20"><span class='ocrx_word' id='word_1_28' title='bbox 718 1318 843 1376; x_wconf 89' lang='lat' dir='ltr'>uerendi</span> <span class='ocrx_word' id='word_1_29' title='bbox 859 1320 1018 1380; x_wconf 89' lang='lat' dir='ltr'>ministerii</span> <span class='ocrx_word' id='word_1_30' title='bbox 1033 1321 1128 1380; x_wconf 81' lang='lat' dir='ltr'>iaetus</span> <span class='ocrx_word' id='word_1_31' title='bbox 1143 1331 1201 1394; x_wconf 89' lang='lat' dir='ltr'>est;</span> <span class='ocrx_word' id='word_1_32' title='bbox 1218 1331 1316 1384; x_wconf 88' lang='lat' dir='ltr'>tamen</span> <span class='ocrx_word' id='word_1_33' title='bbox 1331 1327 1367 1384; x_wconf 90' lang='lat' dir='ltr'>ad</span> <span class='ocrx_word' id='word_1_34' title='bbox 1384 1345 1491 1386; x_wconf 87' lang='lat' dir='ltr'>munus</span> <span class='ocrx_word' id='word_1_35' title='bbox 1506 1327 1738 1386; x_wconf 88' lang='lat' dir='ltr'>ecclesiasticum</span> <span class='ocrx_word' id='word_1_36' title='bbox 1750 1327 1901 1388; x_wconf 82' lang='lat' dir='ltr'>dubitauit</span> <span class='ocrx_word' id='word_1_37' title='bbox 1915 1333 2054 1391; x_wconf 75' lang='lat' dir='ltr'>accedere</span> <span class='ocrx_word' id='word_1_38' title='bbox 2066 1337 2097 1392; x_wconf 86' lang='lat' dir='ltr'>et</span> 
     </span>
     <span class='ocr_line' id='line_1_5' title="bbox 716 1401 2095 1494; baseline 0.013 -35"><span class='ocrx_word' id='word_1_39' title='bbox 716 1401 960 1480; x_wconf 85' lang='lat' dir='ltr'>Lipsiaemansit,</span> <span class='ocrx_word' id='word_1_40' title='bbox 970 1411 1004 1465; x_wconf 90' lang='lat' dir='ltr'>ut</span> <span class='ocrx_word' id='word_1_41' title='bbox 1014 1408 1194 1484; x_wconf 82' lang='lat' dir='ltr'>philologiae</span> <span class='ocrx_word' id='word_1_42' title='bbox 1208 1411 1340 1470; x_wconf 86' lang='lat' dir='ltr'>studium</span> <span class='ocrx_word' id='word_1_43' title='bbox 1347 1412 1465 1471; x_wconf 86' lang='lat' dir='ltr'>coleret.</span> <span class='ocrx_word' id='word_1_44' title='bbox 1482 1413 2095 1494; x_wconf 79' lang='lat' dir='ltr'>Intereaa.LXIHI.uicihuspraeceptoria</span> 
     </span>
     <span class='ocr_line' id='line_1_6' title="bbox 717 1488 2095 1576; baseline 0.012 -30"><span class='ocrx_word' id='word_1_45' title='bbox 717 1488 869 1548; x_wconf 88' lang='lat' dir='ltr'>cuiusdam</span> <span class='ocrx_word' id='word_1_46' title='bbox 891 1491 924 1549; x_wconf 92' lang='lat' dir='ltr'>in</span> <span class='ocrx_word' id='word_1_47' title='bbox 944 1493 1097 1569; x_wconf 82' lang='lat' dir='ltr'>gymnasio</span> <span class='ocrx_word' id='word_1_48' title='bbox 1119 1495 1308 1570; x_wconf 83' lang='lat' dir='ltr'>Fribergcnsi</span> <span class='ocrx_word' id='word_1_49' title='bbox 1329 1495 1449 1556; x_wconf 81' lang='lat' dir='ltr'>iunctus</span> <span class='ocrx_word' id='word_1_50' title='bbox 1477 1505 1531 1557; x_wconf 87' lang='lat' dir='ltr'>est.</span> <span class='ocrx_word' id='word_1_51' title='bbox 1575 1500 1683 1558; x_wconf 81' lang='lat' dir='ltr'>Postea</span> <span class='ocrx_word' id='word_1_52' title='bbox 1705 1499 1836 1576; x_wconf 87' lang='lat' dir='ltr'>Lipsiam</span> <span class='ocrx_word' id='word_1_53' title='bbox 1859 1501 1912 1558; x_wconf 93' lang='lat' dir='ltr'>ubi</span> <span class='ocrx_word' id='word_1_54' title='bbox 1938 1503 2040 1575; x_wconf 82' lang='lat' dir='ltr'>rediit,</span> <span class='ocrx_word' id='word_1_55' title='bbox 2067 1503 2095 1563; x_wconf 90' lang='lat' dir='ltr'>ai</span> 
     </span>
     <span class='ocr_line' id='line_1_7' title="bbox 716 1579 2028 1665; baseline 0.011 -33"><span class='ocrx_word' id='word_1_56' title='bbox 716 1593 824 1634; x_wconf 88' lang='lat' dir='ltr'>munus</span> <span class='ocrx_word' id='word_1_57' title='bbox 839 1579 1036 1656; x_wconf 87' lang='lat' dir='ltr'>praeceptoris</span> <span class='ocrx_word' id='word_1_58' title='bbox 1051 1579 1082 1638; x_wconf 91' lang='lat' dir='ltr'>in</span> <span class='ocrx_word' id='word_1_59' title='bbox 1098 1583 1261 1658; x_wconf 84' lang='lat' dir='ltr'>gymnasio,</span> <span class='ocrx_word' id='word_1_60' title='bbox 1279 1584 1359 1660; x_wconf 89' lang='lat' dir='ltr'>quod</span> <span class='ocrx_word' id='word_1_61' title='bbox 1375 1584 1422 1642; x_wconf 88' lang='lat' dir='ltr'>est</span> <span class='ocrx_word' id='word_1_62' title='bbox 1437 1585 1475 1642; x_wconf 90' lang='lat' dir='ltr'>ad</span> <span class='ocrx_word' id='word_1_63' title='bbox 1488 1585 1534 1642; x_wconf 86' lang='lat' dir='ltr'>Sti</span> <span class='ocrx_word' id='word_1_64' title='bbox 1550 1585 1690 1658; x_wconf 79' lang='lat' dir='ltr'>Thomas,</span> <span class='ocrx_word' id='word_1_65' title='bbox 1707 1584 1895 1644; x_wconf 89' lang='lat' dir='ltr'>commissum</span> <span class='ocrx_word' id='word_1_66' title='bbox 1911 1591 1966 1646; x_wconf 88' lang='lat' dir='ltr'>est.</span> <span class='ocrx_word' id='word_1_67' title='bbox 2025 1657 2028 1665; x_wconf 22' lang='lat' dir='ltr'>y</span> 
     </span>
    </p>
   </div>
   <div class='ocr_carea' id='block_1_3' title="bbox 706 1699 2090 2550">
    <p class='ocr_par' dir='ltr' id='par_1_3' title="bbox 1100 1699 1703 1764">
     <span class='ocr_line' id='line_1_8' title="bbox 1100 1699 1703 1764; baseline 0.008 -7"><span class='ocrx_word' id='word_1_68' title='bbox 1100 1699 1230 1762; x_wconf 86' lang='lat' dir='ltr'><strong>IULIUS</strong></span> <span class='ocrx_word' id='word_1_69' title='bbox 1253 1702 1462 1762; x_wconf 80' lang='lat' dir='ltr'><strong>ADOLPIIUS</strong></span> <span class='ocrx_word' id='word_1_70' title='bbox 1484 1703 1703 1764; x_wconf 79' lang='lat' dir='ltr'><strong>BERNIIABD</strong></span> 
     </span>
    </p>

    <p class='ocr_par' dir='ltr' id='par_1_4' title="bbox 706 1771 2090 2550">
     <span class='ocr_line' id='line_1_9' title="bbox 713 1771 2090 1868; baseline 0.015 -36"><span class='ocrx_word' id='word_1_71' title='bbox 713 1776 751 1833; x_wconf 90' lang='lat' dir='ltr'>de</span> <span class='ocrx_word' id='word_1_72' title='bbox 762 1777 827 1838; x_wconf 91' lang='lat' dir='ltr'>uita</span> <span class='ocrx_word' id='word_1_73' title='bbox 841 1800 894 1840; x_wconf 85' lang='lat' dir='ltr'>aua</span> <span class='ocrx_word' id='word_1_74' title='bbox 909 1784 981 1844; x_wconf 90' lang='lat' dir='ltr'>haec</span> <span class='ocrx_word' id='word_1_75' title='bbox 996 1783 1128 1860; x_wconf 72' lang='lat' dir='ltr'>scripsit:</span> <span class='ocrx_word' id='word_1_76' title='bbox 1142 1771 1249 1845; x_wconf 81' lang='lat' dir='ltr'>‘Notus</span> <span class='ocrx_word' id='word_1_77' title='bbox 1265 1807 1329 1846; x_wconf 87' lang='lat' dir='ltr'>sum</span> <span class='ocrx_word' id='word_1_78' title='bbox 1345 1789 1374 1847; x_wconf 93' lang='lat' dir='ltr'>d.</span> <span class='ocrx_word' id='word_1_79' title='bbox 1391 1787 1477 1846; x_wconf 85' lang='lat' dir='ltr'><strong>XXI.</strong></span> <span class='ocrx_word' id='word_1_80' title='bbox 1495 1809 1586 1848; x_wconf 88' lang='lat' dir='ltr'>mena.</span> <span class='ocrx_word' id='word_1_81' title='bbox 1603 1791 1680 1848; x_wconf 87' lang='lat' dir='ltr'>Nou.</span> <span class='ocrx_word' id='word_1_82' title='bbox 1696 1809 1721 1846; x_wconf 91' lang='lat' dir='ltr'>a.</span> <span class='ocrx_word' id='word_1_83' title='bbox 1737 1788 1818 1846; x_wconf 90' lang='lat' dir='ltr'><strong>XLI.</strong></span> <span class='ocrx_word' id='word_1_84' title='bbox 1841 1789 1983 1850; x_wconf 86' lang='lat' dir='ltr'>Zehminc</span> <span class='ocrx_word' id='word_1_85' title='bbox 1998 1811 2090 1868; x_wconf 87' lang='lat' dir='ltr'>paruo</span> 
     </span>
     <span class='ocr_line' id='line_1_10' title="bbox 713 1861 2090 1951; baseline 0.014 -32"><span class='ocrx_word' id='word_1_86' title='bbox 713 1861 861 1924; x_wconf 79' lang='lat' dir='ltr'>Saronico</span> <span class='ocrx_word' id='word_1_87' title='bbox 876 1868 954 1936; x_wconf 92' lang='lat' dir='ltr'>uico,</span> <span class='ocrx_word' id='word_1_88' title='bbox 977 1870 1030 1928; x_wconf 90' lang='lat' dir='ltr'>ubi</span> <span class='ocrx_word' id='word_1_89' title='bbox 1045 1879 1136 1946; x_wconf 88' lang='lat' dir='ltr'>peter,</span> <span class='ocrx_word' id='word_1_90' title='bbox 1153 1871 1326 1932; x_wconf 81' lang='lat' dir='ltr'>Franciecus</span> <span class='ocrx_word' id='word_1_91' title='bbox 1343 1874 1440 1932; x_wconf 83' lang='lat' dir='ltr'>Iulius</span> <span class='ocrx_word' id='word_1_92' title='bbox 1455 1875 1619 1947; x_wconf 86' lang='lat' dir='ltr'>Bernhard,</span> <span class='ocrx_word' id='word_1_93' title='bbox 1632 1893 1712 1934; x_wconf 91' lang='lat' dir='ltr'>nuno</span> <span class='ocrx_word' id='word_1_94' title='bbox 1725 1877 1805 1951; x_wconf 89' lang='lat' dir='ltr'>apud</span> <span class='ocrx_word' id='word_1_95' title='bbox 1819 1875 2090 1950; x_wconf 82' lang='lat' dir='ltr'>Megdeborneuses</span> 
     </span>
     <span class='ocr_line' id='line_1_11' title="bbox 710 1951 2090 2036; baseline 0.013 -31"><span class='ocrx_word' id='word_1_96' title='bbox 710 1951 856 2021; x_wconf 82' lang='lat' dir='ltr'>sacerdos,</span> <span class='ocrx_word' id='word_1_97' title='bbox 874 1957 936 2012; x_wconf 89' lang='lat' dir='ltr'>tum</span> <span class='ocrx_word' id='word_1_98' title='bbox 951 1957 1079 2032; x_wconf 88' lang='lat' dir='ltr'>pastoris</span> <span class='ocrx_word' id='word_1_99' title='bbox 1101 1975 1222 2016; x_wconf 88' lang='lat' dir='ltr'>munera</span> <span class='ocrx_word' id='word_1_100' title='bbox 1237 1959 1474 2020; x_wconf 72' lang='lat' dir='ltr'>administrabat:</span> <span class='ocrx_word' id='word_1_101' title='bbox 1497 1967 1591 2018; x_wconf 87' lang='lat' dir='ltr'>mater</span> <span class='ocrx_word' id='word_1_102' title='bbox 1612 1965 1658 2018; x_wconf 88' lang='lat' dir='ltr'>ast</span> <span class='ocrx_word' id='word_1_103' title='bbox 1674 1959 1857 2020; x_wconf 83' lang='lat' dir='ltr'>Guilelmina</span> <span class='ocrx_word' id='word_1_104' title='bbox 1872 1981 1888 2019; x_wconf 92' lang='lat' dir='ltr'>c</span> <span class='ocrx_word' id='word_1_105' title='bbox 1903 1968 1992 2036; x_wconf 79' lang='lat' dir='ltr'>gente</span> <span class='ocrx_word' id='word_1_106' title='bbox 2009 1963 2090 2022; x_wconf 82' lang='lat' dir='ltr'>Rud-</span> 
     </span>
     <span class='ocr_line' id='line_1_12' title="bbox 709 2032 2090 2124; baseline 0.014 -35"><span class='ocrx_word' id='word_1_107' title='bbox 709 2032 800 2092; x_wconf 84' lang='lat' dir='ltr'>lolfia.</span> <span class='ocrx_word' id='word_1_108' title='bbox 822 2037 1005 2111; x_wconf 76' lang='lat' dir='ltr'>linguarum</span> <span class='ocrx_word' id='word_1_109' title='bbox 1017 2041 1139 2100; x_wconf 86' lang='lat' dir='ltr'>Latinae</span> <span class='ocrx_word' id='word_1_110' title='bbox 1152 2047 1182 2100; x_wconf 90' lang='lat' dir='ltr'>et</span> <span class='ocrx_word' id='word_1_111' title='bbox 1194 2043 1321 2102; x_wconf 84' lang='lat' dir='ltr'>Graecas</span> <span class='ocrx_word' id='word_1_112' title='bbox 1334 2045 1576 2123; x_wconf 86' lang='lat' dir='ltr'>reliquarumque</span> <span class='ocrx_word' id='word_1_113' title='bbox 1587 2045 1823 2122; x_wconf 86' lang='lat' dir='ltr'>disciplinarum,</span> <span class='ocrx_word' id='word_1_114' title='bbox 1840 2065 1915 2124; x_wconf 88' lang='lat' dir='ltr'>quaa</span> <span class='ocrx_word' id='word_1_115' title='bbox 1930 2047 1962 2106; x_wconf 90' lang='lat' dir='ltr'>iu</span> <span class='ocrx_word' id='word_1_116' title='bbox 1978 2047 2090 2108; x_wconf 88' lang='lat' dir='ltr'>scholia</span> 
     </span>
     <span class='ocr_line' id='line_1_13' title="bbox 709 2121 2089 2206; baseline 0.013 -30"><span class='ocrx_word' id='word_1_117' title='bbox 709 2121 830 2179; x_wconf 88' lang='lat' dir='ltr'>tractari</span> <span class='ocrx_word' id='word_1_118' title='bbox 845 2124 951 2196; x_wconf 80' lang='lat' dir='ltr'>solent,</span> <span class='ocrx_word' id='word_1_119' title='bbox 968 2127 1122 2186; x_wconf 88' lang='lat' dir='ltr'>elementis</span> <span class='ocrx_word' id='word_1_120' title='bbox 1138 2145 1155 2184; x_wconf 93' lang='lat' dir='ltr'>a</span> <span class='ocrx_word' id='word_1_121' title='bbox 1170 2133 1253 2204; x_wconf 83' lang='lat' dir='ltr'>patre</span> <span class='ocrx_word' id='word_1_122' title='bbox 1268 2129 1400 2189; x_wconf 86' lang='lat' dir='ltr'>imbutus</span> <span class='ocrx_word' id='word_1_123' title='bbox 1417 2133 1496 2193; x_wconf 87' lang='lat' dir='ltr'>uitae</span> <span class='ocrx_word' id='word_1_124' title='bbox 1511 2151 1589 2191; x_wconf 88' lang='lat' dir='ltr'>auno</span> <span class='ocrx_word' id='word_1_125' title='bbox 1603 2131 1711 2191; x_wconf 90' lang='lat' dir='ltr'><strong>XIIII.</strong></span> <span class='ocrx_word' id='word_1_126' title='bbox 1730 2132 1884 2206; x_wconf 83' lang='lat' dir='ltr'>gymnasio</span> <span class='ocrx_word' id='word_1_127' title='bbox 1901 2133 2089 2194; x_wconf 87' lang='lat' dir='ltr'>Nicolaitano</span> 
     </span>
     <span class='ocr_line' id='line_1_14' title="bbox 709 2205 2089 2296; baseline 0.014 -36"><span class='ocrx_word' id='word_1_128' title='bbox 709 2205 882 2267; x_wconf 88' lang='lat' dir='ltr'>educandus</span> <span class='ocrx_word' id='word_1_129' title='bbox 906 2211 1033 2270; x_wconf 86' lang='lat' dir='ltr'>traditus</span> <span class='ocrx_word' id='word_1_130' title='bbox 1053 2233 1127 2272; x_wconf 87' lang='lat' dir='ltr'>sum.</span> <span class='ocrx_word' id='word_1_131' title='bbox 1173 2216 1321 2273; x_wconf 69' lang='lat' dir='ltr'>herennio</span> <span class='ocrx_word' id='word_1_132' title='bbox 1344 2217 1543 2293; x_wconf 88' lang='lat' dir='ltr'>praeterlapso</span> <span class='ocrx_word' id='word_1_133' title='bbox 1574 2237 1599 2275; x_wconf 89' lang='lat' dir='ltr'>a.</span> <span class='ocrx_word' id='word_1_134' title='bbox 1622 2215 1717 2275; x_wconf 88' lang='lat' dir='ltr'><strong>LXII.</strong></span> <span class='ocrx_word' id='word_1_135' title='bbox 1734 2217 1812 2276; x_wconf 88' lang='lat' dir='ltr'>inter</span> <span class='ocrx_word' id='word_1_136' title='bbox 1827 2219 2004 2278; x_wconf 81' lang='lat' dir='ltr'>Academiae</span> <span class='ocrx_word' id='word_1_137' title='bbox 2020 2219 2089 2296; x_wconf 90' lang='lat' dir='ltr'>Lip-</span> 
     </span>
     <span class='ocr_line' id='line_1_15' title="bbox 709 2289 2087 2378; baseline 0.012 -32"><span class='ocrx_word' id='word_1_138' title='bbox 709 2289 817 2350; x_wconf 85' lang='lat' dir='ltr'>aiensis</span> <span class='ocrx_word' id='word_1_139' title='bbox 833 2294 914 2353; x_wconf 89' lang='lat' dir='ltr'>ciues</span> <span class='ocrx_word' id='word_1_140' title='bbox 930 2307 1066 2374; x_wconf 86' lang='lat' dir='ltr'>receptus</span> <span class='ocrx_word' id='word_1_141' title='bbox 1081 2299 1264 2374; x_wconf 82' lang='lat' dir='ltr'>philologiae</span> <span class='ocrx_word' id='word_1_142' title='bbox 1289 2301 1442 2362; x_wconf 84' lang='lat' dir='ltr'>studiosus</span> <span class='ocrx_word' id='word_1_143' title='bbox 1462 2303 1516 2362; x_wconf 80' lang='lat' dir='ltr'>sui.</span> <span class='ocrx_word' id='word_1_144' title='bbox 1561 2303 1682 2362; x_wconf 80' lang='lat' dir='ltr'>Scholcs</span> <span class='ocrx_word' id='word_1_145' title='bbox 1703 2309 1800 2360; x_wconf 87' lang='lat' dir='ltr'>autern</span> <span class='ocrx_word' id='word_1_146' title='bbox 1817 2302 2012 2378; x_wconf 81' lang='lat' dir='ltr'>philologicos</span> <span class='ocrx_word' id='word_1_147' title='bbox 2027 2305 2087 2363; x_wconf 82' lang='lat' dir='ltr'>iro·</span> 
     </span>
     <span class='ocr_line' id='line_1_16' title="bbox 709 2379 2089 2460; baseline 0.012 -27"><span class='ocrx_word' id='word_1_148' title='bbox 709 2379 852 2451; x_wconf 89' lang='lat' dir='ltr'>quentaui</span> <span class='ocrx_word' id='word_1_149' title='bbox 867 2381 988 2454; x_wconf 86' lang='lat' dir='ltr'>Klotaii,</span> <span class='ocrx_word' id='word_1_150' title='bbox 1008 2384 1237 2457; x_wconf 79' lang='lat' dir='ltr'>westarmannI,</span> <span class='ocrx_word' id='word_1_151' title='bbox 1254 2387 1364 2458; x_wconf 84' lang='lat' dir='ltr'>Curtii,</span> <span class='ocrx_word' id='word_1_152' title='bbox 1382 2387 1592 2460; x_wconf 84' lang='lat' dir='ltr'>Broclrhausii,</span> <span class='ocrx_word' id='word_1_153' title='bbox 1618 2388 1765 2458; x_wconf 85' lang='lat' dir='ltr'>Zaruchii‚</span> <span class='ocrx_word' id='word_1_154' title='bbox 1789 2387 1947 2448; x_wconf 84' lang='lat' dir='ltr'>historicas</span> <span class='ocrx_word' id='word_1_155' title='bbox 1970 2390 2089 2450; x_wconf 85' lang='lat' dir='ltr'>Wacha·</span> 
     </span>
     <span class='ocr_line' id='line_1_17' title="bbox 706 2463 1723 2550; baseline 0.011 -31"><span class='ocrx_word' id='word_1_156' title='bbox 706 2463 823 2536; x_wconf 86' lang='lat' dir='ltr'>muthii,</span> <span class='ocrx_word' id='word_1_157' title='bbox 839 2465 978 2540; x_wconf 82' lang='lat' dir='ltr'>Wuttkii,</span> <span class='ocrx_word' id='word_1_158' title='bbox 996 2469 1216 2546; x_wconf 87' lang='lat' dir='ltr'>philosophicas</span> <span class='ocrx_word' id='word_1_159' title='bbox 1233 2472 1365 2546; x_wconf 87' lang='lat' dir='ltr'>Weissii,</span> <span class='ocrx_word' id='word_1_160' title='bbox 1382 2474 1595 2550; x_wconf 79' lang='lat' dir='ltr'>paedagogicas</span> <span class='ocrx_word' id='word_1_161' title='bbox 1610 2473 1723 2532; x_wconf 87' lang='lat' dir='ltr'>Zilleri.</span> 
     </span>
    </p>
   </div>
   <div class='ocr_carea' id='block_1_4' title="bbox 701 2573 2087 3344">
    <p class='ocr_par' dir='ltr' id='par_1_5' title="bbox 1155 2573 1643 2644">
     <span class='ocr_line' id='line_1_18' title="bbox 1155 2573 1643 2644; baseline 0.002 -4"><span class='ocrx_word' id='word_1_162' title='bbox 1155 2573 1441 2644; x_wconf 77' lang='lat' dir='ltr'><strong>REGINHARIIUS</strong></span> <span class='ocrx_word' id='word_1_163' title='bbox 1462 2573 1643 2642; x_wconf 80' lang='lat' dir='ltr'><strong>ZOLLNEII</strong></span> 
     </span>
    </p>

    <p class='ocr_par' dir='ltr' id='par_1_6' title="bbox 701 2661 2087 3344">
     <span class='ocr_line' id='line_1_19' title="bbox 704 2661 2087 2747; baseline 0.008 -30"><span class='ocrx_word' id='word_1_164' title='bbox 704 2663 791 2718; x_wconf 90' lang='lat' dir='ltr'>uatus</span> <span class='ocrx_word' id='word_1_165' title='bbox 807 2663 836 2719; x_wconf 93' lang='lat' dir='ltr'>d.</span> <span class='ocrx_word' id='word_1_166' title='bbox 850 2661 938 2722; x_wconf 88' lang='lat' dir='ltr'><strong>XIX.</strong></span> <span class='ocrx_word' id='word_1_167' title='bbox 954 2683 1046 2723; x_wconf 89' lang='lat' dir='ltr'>mens.</span> <span class='ocrx_word' id='word_1_168' title='bbox 1058 2665 1143 2724; x_wconf 88' lang='lat' dir='ltr'>Febr.</span> <span class='ocrx_word' id='word_1_169' title='bbox 1159 2685 1184 2724; x_wconf 89' lang='lat' dir='ltr'>a.</span> <span class='ocrx_word' id='word_1_170' title='bbox 1195 2667 1325 2726; x_wconf 89' lang='lat' dir='ltr'><strong>XLIIII.</strong></span> <span class='ocrx_word' id='word_1_171' title='bbox 1340 2669 1490 2747; x_wconf 82' lang='lat' dir='ltr'>Eybauiae</span> <span class='ocrx_word' id='word_1_172' title='bbox 1506 2670 1538 2727; x_wconf 92' lang='lat' dir='ltr'>in</span> <span class='ocrx_word' id='word_1_173' title='bbox 1550 2669 1616 2728; x_wconf 92' lang='lat' dir='ltr'>uico</span> <span class='ocrx_word' id='word_1_174' title='bbox 1628 2687 1719 2746; x_wconf 90' lang='lat' dir='ltr'>prope</span> <span class='ocrx_word' id='word_1_175' title='bbox 1732 2667 1912 2728; x_wconf 88' lang='lat' dir='ltr'>Loebauiam</span> <span class='ocrx_word' id='word_1_176' title='bbox 1924 2668 1956 2727; x_wconf 91' lang='lat' dir='ltr'>in</span> <span class='ocrx_word' id='word_1_177' title='bbox 1964 2669 2087 2730; x_wconf 87' lang='lat' dir='ltr'>Lnaatia</span> 
     </span>
     <span class='ocr_line' id='line_1_20' title="bbox 703 2747 2086 2830; baseline 0.009 -28"><span class='ocrx_word' id='word_1_178' title='bbox 703 2747 856 2822; x_wconf 87' lang='lat' dir='ltr'>superiore</span> <span class='ocrx_word' id='word_1_179' title='bbox 878 2749 947 2807; x_wconf 89' lang='lat' dir='ltr'>sito.</span> <span class='ocrx_word' id='word_1_180' title='bbox 975 2751 1079 2812; x_wconf 77' lang='lat' dir='ltr'>,Pater</span> <span class='ocrx_word' id='word_1_181' title='bbox 1100 2751 1143 2810; x_wconf 90' lang='lat' dir='ltr'>ibi</span> <span class='ocrx_word' id='word_1_182' title='bbox 1156 2758 1187 2810; x_wconf 89' lang='lat' dir='ltr'>et</span> <span class='ocrx_word' id='word_1_183' title='bbox 1202 2753 1364 2812; x_wconf 84' lang='lat' dir='ltr'>Chemnitii</span> <span class='ocrx_word' id='word_1_184' title='bbox 1380 2770 1574 2813; x_wconf 86' lang='lat' dir='ltr'>mercaturam</span> <span class='ocrx_word' id='word_1_185' title='bbox 1589 2755 1667 2824; x_wconf 84' lang='lat' dir='ltr'>iecit,</span> <span class='ocrx_word' id='word_1_186' title='bbox 1685 2771 1744 2830; x_wconf 92' lang='lat' dir='ltr'>quo</span> <span class='ocrx_word' id='word_1_187' title='bbox 1760 2755 1849 2812; x_wconf 87' lang='lat' dir='ltr'>etium</span> <span class='ocrx_word' id='word_1_188' title='bbox 1865 2775 1890 2811; x_wconf 90' lang='lat' dir='ltr'>a.</span> <span class='ocrx_word' id='word_1_189' title='bbox 1907 2755 2014 2814; x_wconf 85' lang='lat' dir='ltr'><strong>XLVI·</strong></span> <span class='ocrx_word' id='word_1_190' title='bbox 2031 2756 2086 2816; x_wconf 83' lang='lat' dir='ltr'>mi·</span> 
     </span>
     <span class='ocr_line' id='line_1_21' title="bbox 701 2832 2084 2914; baseline 0.01 -28"><span class='ocrx_word' id='word_1_191' title='bbox 701 2832 811 2905; x_wconf 76' lang='lat' dir='ltr'>grauit,</span> <span class='ocrx_word' id='word_1_192' title='bbox 828 2851 852 2888; x_wconf 89' lang='lat' dir='ltr'>a.</span> <span class='ocrx_word' id='word_1_193' title='bbox 869 2839 968 2892; x_wconf 87' lang='lat' dir='ltr'>autem</span> <span class='ocrx_word' id='word_1_194' title='bbox 983 2835 1132 2906; x_wconf 77' lang='lat' dir='ltr'><strong>XLVIII,</strong></span> <span class='ocrx_word' id='word_1_195' title='bbox 1149 2857 1240 2914; x_wconf 90' lang='lat' dir='ltr'>quum</span> <span class='ocrx_word' id='word_1_196' title='bbox 1256 2838 1294 2896; x_wconf 91' lang='lat' dir='ltr'>ad</span> <span class='ocrx_word' id='word_1_197' title='bbox 1310 2840 1430 2897; x_wconf 87' lang='lat' dir='ltr'>comitia</span> <span class='ocrx_word' id='word_1_198' title='bbox 1442 2840 1617 2898; x_wconf 79' lang='lat' dir='ltr'>Germanias</span> <span class='ocrx_word' id='word_1_199' title='bbox 1633 2840 1821 2897; x_wconf 79' lang='lat' dir='ltr'>Fraucoiurti</span> <span class='ocrx_word' id='word_1_200' title='bbox 1836 2839 1975 2898; x_wconf 84' lang='lat' dir='ltr'>instItuta</span> <span class='ocrx_word' id='word_1_201' title='bbox 1989 2841 2084 2900; x_wconf 88' lang='lat' dir='ltr'>lectus</span> 
     </span>
     <span class='ocr_line' id='line_1_22' title="bbox 702 2920 2082 3002; baseline 0.009 -29"><span class='ocrx_word' id='word_1_202' title='bbox 702 2925 789 2988; x_wconf 90' lang='lat' dir='ltr'>esset,</span> <span class='ocrx_word' id='word_1_203' title='bbox 804 2937 874 2975; x_wconf 87' lang='lat' dir='ltr'>suos</span> <span class='ocrx_word' id='word_1_204' title='bbox 890 2920 927 2976; x_wconf 91' lang='lat' dir='ltr'>ad</span> <span class='ocrx_word' id='word_1_205' title='bbox 939 2920 1081 2995; x_wconf 89' lang='lat' dir='ltr'>pristinas</span> <span class='ocrx_word' id='word_1_206' title='bbox 1097 2923 1182 2980; x_wconf 88' lang='lat' dir='ltr'>sedas</span> <span class='ocrx_word' id='word_1_207' title='bbox 1195 2924 1319 2982; x_wconf 81' lang='lat' dir='ltr'>remisit.</span> <span class='ocrx_word' id='word_1_208' title='bbox 1344 2925 1460 2983; x_wconf 88' lang='lat' dir='ltr'>Deinde</span> <span class='ocrx_word' id='word_1_209' title='bbox 1471 2926 1618 2984; x_wconf 87' lang='lat' dir='ltr'>Zittauiae</span> <span class='ocrx_word' id='word_1_210' title='bbox 1629 2925 1758 3000; x_wconf 89' lang='lat' dir='ltr'>primum</span> <span class='ocrx_word' id='word_1_211' title='bbox 1771 2925 1803 2982; x_wconf 90' lang='lat' dir='ltr'>iu</span> <span class='ocrx_word' id='word_1_212' title='bbox 1819 2925 1929 2984; x_wconf 89' lang='lat' dir='ltr'>scholis</span> <span class='ocrx_word' id='word_1_213' title='bbox 1943 2926 2082 3002; x_wconf 83' lang='lat' dir='ltr'>publicis,</span> 
     </span>
     <span class='ocr_line' id='line_1_23' title="bbox 704 3002 2085 3088; baseline 0.009 -30"><span class='ocrx_word' id='word_1_214' title='bbox 704 3007 766 3059; x_wconf 90' lang='lat' dir='ltr'>tum</span> <span class='ocrx_word' id='word_1_215' title='bbox 783 3002 815 3060; x_wconf 94' lang='lat' dir='ltr'>in</span> <span class='ocrx_word' id='word_1_216' title='bbox 829 3003 981 3079; x_wconf 82' lang='lat' dir='ltr'>gymnasio</span> <span class='ocrx_word' id='word_1_217' title='bbox 997 3005 1133 3065; x_wconf 87' lang='lat' dir='ltr'>eruditus</span> <span class='ocrx_word' id='word_1_218' title='bbox 1148 3013 1194 3065; x_wconf 91' lang='lat' dir='ltr'>est</span> <span class='ocrx_word' id='word_1_219' title='bbox 1208 3013 1239 3067; x_wconf 90' lang='lat' dir='ltr'>et</span> <span class='ocrx_word' id='word_1_220' title='bbox 1254 3029 1279 3066; x_wconf 91' lang='lat' dir='ltr'>a.</span> <span class='ocrx_word' id='word_1_221' title='bbox 1291 3009 1388 3068; x_wconf 88' lang='lat' dir='ltr'><strong>LXII.</strong></span> <span class='ocrx_word' id='word_1_222' title='bbox 1399 3009 1531 3087; x_wconf 85' lang='lat' dir='ltr'>Lipsiam</span> <span class='ocrx_word' id='word_1_223' title='bbox 1541 3011 1633 3078; x_wconf 88' lang='lat' dir='ltr'>uenit,</span> <span class='ocrx_word' id='word_1_224' title='bbox 1649 3015 1684 3068; x_wconf 92' lang='lat' dir='ltr'>ut</span> <span class='ocrx_word' id='word_1_225' title='bbox 1699 3009 1881 3088; x_wconf 86' lang='lat' dir='ltr'>philologiae</span> <span class='ocrx_word' id='word_1_226' title='bbox 1897 3019 1927 3069; x_wconf 89' lang='lat' dir='ltr'>ct</span> <span class='ocrx_word' id='word_1_227' title='bbox 1941 3012 2085 3072; x_wconf 86' lang='lat' dir='ltr'>historiae</span> 
     </span>
     <span class='ocr_line' id='line_1_24' title="bbox 705 3088 2084 3183; baseline 0.009 -39"><span class='ocrx_word' id='word_1_228' title='bbox 705 3088 805 3146; x_wconf 87' lang='lat' dir='ltr'>studio</span> <span class='ocrx_word' id='word_1_229' title='bbox 821 3109 853 3146; x_wconf 91' lang='lat' dir='ltr'>se</span> <span class='ocrx_word' id='word_1_230' title='bbox 869 3091 962 3148; x_wconf 87' lang='lat' dir='ltr'>daret.</span> <span class='ocrx_word' id='word_1_231' title='bbox 1000 3091 1059 3150; x_wconf 86' lang='lat' dir='ltr'>Hic</span> <span class='ocrx_word' id='word_1_232' title='bbox 1073 3093 1163 3152; x_wconf 87' lang='lat' dir='ltr'>duces</span> <span class='ocrx_word' id='word_1_233' title='bbox 1179 3093 1207 3153; x_wconf 86' lang='lat' dir='ltr'>ei</span> <span class='ocrx_word' id='word_1_234' title='bbox 1222 3094 1343 3154; x_wconf 83' lang='lat' dir='ltr'>fuerunt</span> <span class='ocrx_word' id='word_1_235' title='bbox 1359 3095 1481 3167; x_wconf 77' lang='lat' dir='ltr'>waima,</span> <span class='ocrx_word' id='word_1_236' title='bbox 1499 3098 1654 3168; x_wconf 88' lang='lat' dir='ltr'>Drobisch,</span> <span class='ocrx_word' id='word_1_237' title='bbox 1671 3096 1811 3183; x_wconf 74' lang='lat' dir='ltr'>Feohner,</span> <span class='ocrx_word' id='word_1_238' title='bbox 1830 3097 1933 3168; x_wconf 83' lang='lat' dir='ltr'>Wenlr,</span> <span class='ocrx_word' id='word_1_239' title='bbox 1952 3097 2084 3162; x_wconf 83' lang='lat' dir='ltr'>Curtius,</span> 
     </span>
     <span class='ocr_line' id='line_1_25' title="bbox 704 3173 2084 3260; baseline 0.009 -30"><span class='ocrx_word' id='word_1_240' title='bbox 704 3173 801 3244; x_wconf 79' lang='lat' dir='ltr'>Klotz,</span> <span class='ocrx_word' id='word_1_241' title='bbox 821 3175 1033 3248; x_wconf 83' lang='lat' dir='ltr'>Westcrmann‚</span> <span class='ocrx_word' id='word_1_242' title='bbox 1049 3179 1177 3238; x_wconf 89' lang='lat' dir='ltr'>maxims</span> <span class='ocrx_word' id='word_1_243' title='bbox 1192 3200 1264 3239; x_wconf 90' lang='lat' dir='ltr'>uero</span> <span class='ocrx_word' id='word_1_244' title='bbox 1280 3181 1411 3240; x_wconf 83' lang='lat' dir='ltr'>Zarncke</span> <span class='ocrx_word' id='word_1_245' title='bbox 1426 3188 1456 3242; x_wconf 89' lang='lat' dir='ltr'>et</span> <span class='ocrx_word' id='word_1_246' title='bbox 1472 3183 1602 3254; x_wconf 84' lang='lat' dir='ltr'>Wuttlrs,</span> <span class='ocrx_word' id='word_1_247' title='bbox 1620 3201 1695 3260; x_wconf 89' lang='lat' dir='ltr'>quos</span> <span class='ocrx_word' id='word_1_248' title='bbox 1711 3183 1749 3240; x_wconf 91' lang='lat' dir='ltr'>ad</span> <span class='ocrx_word' id='word_1_249' title='bbox 1766 3181 1957 3242; x_wconf 85' lang='lat' dir='ltr'>historiarum</span> <span class='ocrx_word' id='word_1_250' title='bbox 1972 3182 2084 3242; x_wconf 84' lang='lat' dir='ltr'>iutelli-</span> 
     </span>
     <span class='ocr_line' id='line_1_26' title="bbox 703 3259 1386 3344; baseline 0.009 -26"><span class='ocrx_word' id='word_1_251' title='bbox 703 3259 833 3333; x_wconf 84' lang='lat' dir='ltr'>gentiam</span> <span class='ocrx_word' id='word_1_252' title='bbox 849 3263 963 3322; x_wconf 89' lang='lat' dir='ltr'>aditam</span> <span class='ocrx_word' id='word_1_253' title='bbox 978 3263 1038 3322; x_wconf 85' lang='lat' dir='ltr'>sibi</span> <span class='ocrx_word' id='word_1_254' title='bbox 1054 3265 1206 3341; x_wconf 87' lang='lat' dir='ltr'>aperuisse</span> <span class='ocrx_word' id='word_1_255' title='bbox 1221 3265 1386 3344; x_wconf 88' lang='lat' dir='ltr'>profitetur.</span> 
     </span>
    </p>
   </div>
   <div class='ocr_carea' id='block_1_5' title="bbox 585 3375 2129 4994">
    <p class='ocr_par' dir='ltr' id='par_1_7' title="bbox 585 3375 2129 4994">
     <span class='ocr_line' id='line_1_27' title="bbox 1029 3375 1770 3466; baseline 0.003 -33"><span class='ocrx_word' id='word_1_256' title='bbox 1029 3375 1253 3436; x_wconf 83' lang='lat' dir='ltr'><strong>LUDOUICUS</strong></span> <span class='ocrx_word' id='word_1_257' title='bbox 1277 3379 1499 3438; x_wconf 82' lang='lat' dir='ltr'><strong>GUILELIIUS</strong></span> <span class='ocrx_word' id='word_1_258' title='bbox 1522 3377 1770 3466; x_wconf 38' lang='lat' dir='ltr'>scelerose,</span> 
     </span>
     <span class='ocr_line' id='line_1_28' title="bbox 701 3458 2082 3542; baseline 0.007 -28"><span class='ocrx_word' id='word_1_259' title='bbox 701 3461 786 3516; x_wconf 88' lang='lat' dir='ltr'>uatus</span> <span class='ocrx_word' id='word_1_260' title='bbox 803 3458 924 3518; x_wconf 86' lang='lat' dir='ltr'>Greizae</span> <span class='ocrx_word' id='word_1_261' title='bbox 940 3459 968 3517; x_wconf 91' lang='lat' dir='ltr'>d.</span> <span class='ocrx_word' id='word_1_262' title='bbox 983 3459 1118 3518; x_wconf 89' lang='lat' dir='ltr'><strong>XXIIII.</strong></span> <span class='ocrx_word' id='word_1_263' title='bbox 1136 3481 1226 3520; x_wconf 85' lang='lat' dir='ltr'>mous.</span> <span class='ocrx_word' id='word_1_264' title='bbox 1250 3467 1325 3536; x_wconf 83' lang='lat' dir='ltr'>Aug.</span> <span class='ocrx_word' id='word_1_265' title='bbox 1349 3483 1374 3520; x_wconf 90' lang='lat' dir='ltr'>a.</span> <span class='ocrx_word' id='word_1_266' title='bbox 1398 3463 1546 3522; x_wconf 88' lang='lat' dir='ltr'><strong>XXXIII.</strong></span> <span class='ocrx_word' id='word_1_267' title='bbox 1569 3472 1653 3542; x_wconf 86' lang='lat' dir='ltr'>patra</span> <span class='ocrx_word' id='word_1_268' title='bbox 1674 3463 1778 3524; x_wconf 79' lang='lat' dir='ltr'>Oarolo</span> <span class='ocrx_word' id='word_1_269' title='bbox 1795 3463 1965 3535; x_wconf 82' lang='lat' dir='ltr'>Friderioo,</span> <span class='ocrx_word' id='word_1_270' title='bbox 1991 3469 2082 3523; x_wconf 81' lang='lat' dir='ltr'>matre</span> 
     </span>
     <span class='ocr_line' id='line_1_29' title="bbox 699 3545 2077 3623; baseline 0.007 -24"><span class='ocrx_word' id='word_1_271' title='bbox 699 3545 833 3617; x_wconf 81' lang='lat' dir='ltr'>Augusta</span> <span class='ocrx_word' id='word_1_272' title='bbox 850 3554 967 3618; x_wconf 82' lang='lat' dir='ltr'>egente</span> <span class='ocrx_word' id='word_1_273' title='bbox 989 3547 1134 3616; x_wconf 80' lang='lat' dir='ltr'>Schulaia,</span> <span class='ocrx_word' id='word_1_274' title='bbox 1152 3567 1217 3606; x_wconf 89' lang='lat' dir='ltr'>cum</span> <span class='ocrx_word' id='word_1_275' title='bbox 1232 3553 1315 3623; x_wconf 87' lang='lat' dir='ltr'>patre</span> <span class='ocrx_word' id='word_1_276' title='bbox 1329 3555 1491 3608; x_wconf 76' lang='lat' dir='ltr'>mercatore</span> <span class='ocrx_word' id='word_1_277' title='bbox 1507 3569 1566 3608; x_wconf 90' lang='lat' dir='ltr'>nou</span> <span class='ocrx_word' id='word_1_278' title='bbox 1577 3549 1751 3608; x_wconf 81' lang='lat' dir='ltr'>felicissimo</span> <span class='ocrx_word' id='word_1_279' title='bbox 1767 3568 1835 3606; x_wconf 90' lang='lat' dir='ltr'>mox</span> <span class='ocrx_word' id='word_1_280' title='bbox 1848 3548 2077 3623; x_wconf 82' lang='lat' dir='ltr'>Altenburgum,</span> 
     </span>
     <span class='ocr_line' id='line_1_30' title="bbox 700 3629 2081 3712; baseline 0.007 -26"><span class='ocrx_word' id='word_1_281' title='bbox 700 3629 999 3702; x_wconf 87' lang='lat' dir='ltr'>tum·Chemnicium,</span> <span class='ocrx_word' id='word_1_282' title='bbox 1016 3639 1118 3708; x_wconf 87' lang='lat' dir='ltr'>postea</span> <span class='ocrx_word' id='word_1_283' title='bbox 1141 3632 1301 3706; x_wconf 88' lang='lat' dir='ltr'>Dresdam,</span> <span class='ocrx_word' id='word_1_284' title='bbox 1326 3635 1455 3712; x_wconf 88' lang='lat' dir='ltr'>denique</span> <span class='ocrx_word' id='word_1_285' title='bbox 1475 3635 1605 3711; x_wconf 89' lang='lat' dir='ltr'>Lipsiam</span> <span class='ocrx_word' id='word_1_286' title='bbox 1629 3635 1780 3710; x_wconf 79' lang='lat' dir='ltr'>migrauit.</span> <span class='ocrx_word' id='word_1_287' title='bbox 1827 3635 1935 3693; x_wconf 81' lang='lat' dir='ltr'>Schola</span> <span class='ocrx_word' id='word_1_288' title='bbox 1960 3635 2081 3712; x_wconf 83' lang='lat' dir='ltr'>Lipsiae</span> 
     </span>
     <span class='ocr_line' id='line_1_31' title="bbox 699 3715 2081 3797; baseline 0.006 -25"><span class='ocrx_word' id='word_1_289' title='bbox 699 3715 804 3772; x_wconf 77' lang='lat' dir='ltr'>relicta</span> <span class='ocrx_word' id='word_1_290' title='bbox 815 3721 1010 3775; x_wconf 86' lang='lat' dir='ltr'>mercaturam</span> <span class='ocrx_word' id='word_1_291' title='bbox 1026 3717 1166 3790; x_wconf 89' lang='lat' dir='ltr'>Dresdae,</span> <span class='ocrx_word' id='word_1_292' title='bbox 1184 3737 1242 3795; x_wconf 90' lang='lat' dir='ltr'>quo</span> <span class='ocrx_word' id='word_1_293' title='bbox 1257 3729 1394 3797; x_wconf 87' lang='lat' dir='ltr'>parentes</span> <span class='ocrx_word' id='word_1_294' title='bbox 1409 3739 1514 3780; x_wconf 89' lang='lat' dir='ltr'>rursus</span> <span class='ocrx_word' id='word_1_295' title='bbox 1529 3727 1749 3791; x_wconf 85' lang='lat' dir='ltr'>concesserant,</span> <span class='ocrx_word' id='word_1_296' title='bbox 1773 3723 1852 3796; x_wconf 90' lang='lat' dir='ltr'>opud</span> <span class='ocrx_word' id='word_1_297' title='bbox 1868 3719 1938 3779; x_wconf 81' lang='lat' dir='ltr'>Chr.</span> <span class='ocrx_word' id='word_1_298' title='bbox 1954 3721 2081 3780; x_wconf 81' lang='lat' dir='ltr'>Abelreu</span> 
     </span>
     <span class='ocr_line' id='line_1_32' title="bbox 700 3799 2078 3884; baseline 0.007 -28"><span class='ocrx_word' id='word_1_299' title='bbox 700 3799 813 3859; x_wconf 87' lang='lat' dir='ltr'>discere</span> <span class='ocrx_word' id='word_1_300' title='bbox 830 3802 942 3878; x_wconf 89' lang='lat' dir='ltr'>coepit,</span> <span class='ocrx_word' id='word_1_301' title='bbox 958 3803 1010 3880; x_wconf 93' lang='lat' dir='ltr'>qui</span> <span class='ocrx_word' id='word_1_302' title='bbox 1031 3808 1095 3862; x_wconf 90' lang='lat' dir='ltr'>tum</span> <span class='ocrx_word' id='word_1_303' title='bbox 1110 3805 1244 3863; x_wconf 87' lang='lat' dir='ltr'>Dresdae</span> <span class='ocrx_word' id='word_1_304' title='bbox 1267 3806 1548 3866; x_wconf 83' lang='lat' dir='ltr'>medicamentorum</span> <span class='ocrx_word' id='word_1_305' title='bbox 1569 3808 1850 3884; x_wconf 83' lang='lat' dir='ltr'>pigmentorumqus</span> <span class='ocrx_word' id='word_1_306' title='bbox 1871 3806 2078 3866; x_wconf 86' lang='lat' dir='ltr'>commercium</span> 
     </span>
     <span class='ocr_line' id='line_1_33' title="bbox 698 3886 2079 3968; baseline 0.007 -27"><span class='ocrx_word' id='word_1_307' title='bbox 698 3886 832 3958; x_wconf 82' lang='lat' dir='ltr'>iaciebat,</span> <span class='ocrx_word' id='word_1_308' title='bbox 849 3889 902 3945; x_wconf 88' lang='lat' dir='ltr'>sed</span> <span class='ocrx_word' id='word_1_309' title='bbox 918 3906 1007 3966; x_wconf 90' lang='lat' dir='ltr'>quum</span> <span class='ocrx_word' id='word_1_310' title='bbox 1018 3907 1132 3948; x_wconf 86' lang='lat' dir='ltr'>summa</span> <span class='ocrx_word' id='word_1_311' title='bbox 1144 3909 1242 3949; x_wconf 88' lang='lat' dir='ltr'>rerum</span> <span class='ocrx_word' id='word_1_312' title='bbox 1258 3891 1438 3950; x_wconf 85' lang='lat' dir='ltr'>naturalium</span> <span class='ocrx_word' id='word_1_313' title='bbox 1455 3894 1725 3966; x_wconf 78' lang='lat' dir='ltr'>cognoscendarum</span> <span class='ocrx_word' id='word_1_314' title='bbox 1735 3892 1898 3968; x_wconf 87' lang='lat' dir='ltr'>cupiditate</span> <span class='ocrx_word' id='word_1_315' title='bbox 1911 3894 2079 3963; x_wconf 88' lang='lat' dir='ltr'>duceretur,</span> 
     </span>
     <span class='ocr_line' id='line_1_34' title="bbox 698 3971 2080 4054; baseline 0.007 -28"><span class='ocrx_word' id='word_1_316' title='bbox 698 3971 725 4027; x_wconf 86' lang='lat' dir='ltr'>si</span> <span class='ocrx_word' id='word_1_317' title='bbox 741 3971 916 4047; x_wconf 65' lang='lat' dir='ltr'>pirmissum</span> <span class='ocrx_word' id='word_1_318' title='bbox 932 3981 979 4032; x_wconf 88' lang='lat' dir='ltr'>est</span> <span class='ocrx_word' id='word_1_319' title='bbox 992 3993 1010 4032; x_wconf 92' lang='lat' dir='ltr'>a</span> <span class='ocrx_word' id='word_1_320' title='bbox 1024 3976 1164 4049; x_wconf 78' lang='lat' dir='ltr'>magistro</span> <span class='ocrx_word' id='word_1_321' title='bbox 1181 3996 1244 4048; x_wconf 88' lang='lat' dir='ltr'>suo,</span> <span class='ocrx_word' id='word_1_322' title='bbox 1261 3985 1304 4048; x_wconf 83' lang='lat' dir='ltr'>ut,</span> <span class='ocrx_word' id='word_1_323' title='bbox 1321 3979 1420 4052; x_wconf 91' lang='lat' dir='ltr'>quoad</span> <span class='ocrx_word' id='word_1_324' title='bbox 1435 3977 1501 4036; x_wconf 90' lang='lat' dir='ltr'>eius</span> <span class='ocrx_word' id='word_1_325' title='bbox 1515 3979 1580 4037; x_wconf 85' lang='lat' dir='ltr'>fieri</span> <span class='ocrx_word' id='word_1_326' title='bbox 1602 3985 1717 4054; x_wconf 86' lang='lat' dir='ltr'>posset,</span> <span class='ocrx_word' id='word_1_327' title='bbox 1744 3979 1792 4036; x_wconf 83' lang='lat' dir='ltr'>hia</span> <span class='ocrx_word' id='word_1_328' title='bbox 1814 3977 1888 4053; x_wconf 88' lang='lat' dir='ltr'>ipsis</span> <span class='ocrx_word' id='word_1_329' title='bbox 1904 3977 2014 4036; x_wconf 86' lang='lat' dir='ltr'>studiis</span> <span class='ocrx_word' id='word_1_330' title='bbox 2028 3996 2080 4036; x_wconf 92' lang='lat' dir='ltr'>ua·</span> 
     </span>
     <span class='ocr_line' id='line_1_35' title="bbox 697 4059 2079 4140; baseline 0.006 -28"><span class='ocrx_word' id='word_1_331' title='bbox 697 4066 789 4127; x_wconf 78' lang='lat' dir='ltr'>caret,</span> <span class='ocrx_word' id='word_1_332' title='bbox 812 4059 920 4134; x_wconf 90' lang='lat' dir='ltr'>quibus</span> <span class='ocrx_word' id='word_1_333' title='bbox 943 4059 976 4116; x_wconf 92' lang='lat' dir='ltr'>iu</span> <span class='ocrx_word' id='word_1_334' title='bbox 997 4060 1107 4118; x_wconf 89' lang='lat' dir='ltr'>studiis</span> <span class='ocrx_word' id='word_1_335' title='bbox 1131 4081 1162 4120; x_wconf 90' lang='lat' dir='ltr'>se</span> <span class='ocrx_word' id='word_1_336' title='bbox 1183 4069 1266 4134; x_wconf 81' lang='lat' dir='ltr'>grato</span> <span class='ocrx_word' id='word_1_337' title='bbox 1291 4062 1390 4120; x_wconf 89' lang='lat' dir='ltr'>animo</span> <span class='ocrx_word' id='word_1_338' title='bbox 1420 4062 1577 4139; x_wconf 88' lang='lat' dir='ltr'>profitetur</span> <span class='ocrx_word' id='word_1_339' title='bbox 1603 4063 1732 4140; x_wconf 90' lang='lat' dir='ltr'>primum</span> <span class='ocrx_word' id='word_1_340' title='bbox 1756 4081 1773 4119; x_wconf 92' lang='lat' dir='ltr'>a</span> <span class='ocrx_word' id='word_1_341' title='bbox 1794 4062 1871 4120; x_wconf 90' lang='lat' dir='ltr'>uiris</span> <span class='ocrx_word' id='word_1_342' title='bbox 1897 4061 2079 4120; x_wconf 87' lang='lat' dir='ltr'>doctissimis</span> 
     </span>
     <span class='ocr_line' id='line_1_36' title="bbox 696 4141 2076 4224; baseline 0.007 -26"><span class='ocrx_word' id='word_1_343' title='bbox 696 4141 826 4214; x_wconf 78' lang='lat' dir='ltr'>Fleekio,</span> <span class='ocrx_word' id='word_1_344' title='bbox 843 4145 952 4217; x_wconf 86' lang='lat' dir='ltr'>Krene,</span> <span class='ocrx_word' id='word_1_345' title='bbox 968 4144 1124 4216; x_wconf 82' lang='lat' dir='ltr'>Reiucclre,</span> <span class='ocrx_word' id='word_1_346' title='bbox 1142 4151 1205 4204; x_wconf 89' lang='lat' dir='ltr'>tum</span> <span class='ocrx_word' id='word_1_347' title='bbox 1221 4149 1258 4205; x_wconf 90' lang='lat' dir='ltr'>ab</span> <span class='ocrx_word' id='word_1_348' title='bbox 1274 4147 1439 4222; x_wconf 81' lang='lat' dir='ltr'>Hartwigio</span> <span class='ocrx_word' id='word_1_349' title='bbox 1456 4157 1486 4208; x_wconf 92' lang='lat' dir='ltr'>et</span> <span class='ocrx_word' id='word_1_350' title='bbox 1499 4149 1613 4209; x_wconf 85' lang='lat' dir='ltr'>Kloche</span> <span class='ocrx_word' id='word_1_351' title='bbox 1628 4167 1692 4208; x_wconf 87' lang='lat' dir='ltr'>sess</span> <span class='ocrx_word' id='word_1_352' title='bbox 1707 4148 1852 4206; x_wconf 83' lang='lat' dir='ltr'>adiutum.</span> <span class='ocrx_word' id='word_1_353' title='bbox 1898 4147 1969 4206; x_wconf 76' lang='lat' dir='ltr'>1on</span> <span class='ocrx_word' id='word_1_354' title='bbox 1984 4165 2076 4224; x_wconf 88' lang='lat' dir='ltr'>quum</span> 
     </span>
     <span class='ocr_line' id='line_1_37' title="bbox 695 4229 2075 4309; baseline 0.005 -24"><span class='ocrx_word' id='word_1_355' title='bbox 695 4229 758 4304; x_wconf 88' lang='lat' dir='ltr'>ipse</span> <span class='ocrx_word' id='word_1_356' title='bbox 775 4231 1023 4306; x_wconf 73' lang='lat' dir='ltr'>exemplatorum</span> <span class='ocrx_word' id='word_1_357' title='bbox 1039 4231 1219 4290; x_wconf 88' lang='lat' dir='ltr'>naturalium</span> <span class='ocrx_word' id='word_1_358' title='bbox 1235 4232 1446 4292; x_wconf 87' lang='lat' dir='ltr'>notabiliorum</span> <span class='ocrx_word' id='word_1_359' title='bbox 1466 4235 1634 4309; x_wconf 80' lang='lat' dir='ltr'>collegisset</span> <span class='ocrx_word' id='word_1_360' title='bbox 1656 4239 1687 4294; x_wconf 92' lang='lat' dir='ltr'>et</span> <span class='ocrx_word' id='word_1_361' title='bbox 1708 4253 1773 4292; x_wconf 89' lang='lat' dir='ltr'>cum</span> <span class='ocrx_word' id='word_1_362' title='bbox 1794 4232 1864 4292; x_wconf 85' lang='lat' dir='ltr'>ahia</span> <span class='ocrx_word' id='word_1_363' title='bbox 1886 4239 2075 4309; x_wconf 87' lang='lat' dir='ltr'>permutaret,</span> 
     </span>
     <span class='ocr_line' id='line_1_38' title="bbox 695 4315 2074 4390; baseline 0.006 -20"><span class='ocrx_word' id='word_1_364' title='bbox 695 4331 760 4372; x_wconf 86' lang='lat' dir='ltr'>cum</span> <span class='ocrx_word' id='word_1_365' title='bbox 776 4315 851 4373; x_wconf 91' lang='lat' dir='ltr'>uiris</span> <span class='ocrx_word' id='word_1_366' title='bbox 867 4316 897 4374; x_wconf 92' lang='lat' dir='ltr'>in</span> <span class='ocrx_word' id='word_1_367' title='bbox 914 4317 971 4374; x_wconf 91' lang='lat' dir='ltr'>hoo</span> <span class='ocrx_word' id='word_1_368' title='bbox 985 4335 1094 4390; x_wconf 76' lang='lat' dir='ltr'>genere</span> <span class='ocrx_word' id='word_1_369' title='bbox 1109 4317 1283 4378; x_wconf 89' lang='lat' dir='ltr'>clarissimis</span> <span class='ocrx_word' id='word_1_370' title='bbox 1298 4319 1505 4380; x_wconf 87' lang='lat' dir='ltr'>commercium</span> <span class='ocrx_word' id='word_1_371' title='bbox 1530 4321 1696 4380; x_wconf 88' lang='lat' dir='ltr'>litterarum</span> <span class='ocrx_word' id='word_1_372' title='bbox 1718 4325 1749 4378; x_wconf 89' lang='lat' dir='ltr'>et</span> <span class='ocrx_word' id='word_1_373' title='bbox 1769 4339 1870 4378; x_wconf 88' lang='lat' dir='ltr'>rerum</span> <span class='ocrx_word' id='word_1_374' title='bbox 1893 4319 2029 4378; x_wconf 85' lang='lat' dir='ltr'>instituIt</span> <span class='ocrx_word' id='word_1_375' title='bbox 2044 4326 2074 4380; x_wconf 91' lang='lat' dir='ltr'>et</span> 
     </span>
     <span class='ocr_line' id='line_1_39' title="bbox 694 4401 2075 4480; baseline 0.006 -23"><span class='ocrx_word' id='word_1_376' title='bbox 694 4401 759 4458; x_wconf 84' lang='lat' dir='ltr'>lieri</span> <span class='ocrx_word' id='word_1_377' title='bbox 786 4403 925 4460; x_wconf 84' lang='lat' dir='ltr'>studebat</span> <span class='ocrx_word' id='word_1_378' title='bbox 951 4421 1053 4462; x_wconf 88' lang='lat' dir='ltr'>eorum</span> <span class='ocrx_word' id='word_1_379' title='bbox 1080 4421 1169 4480; x_wconf 89' lang='lat' dir='ltr'>opera</span> <span class='ocrx_word' id='word_1_380' title='bbox 1189 4405 1316 4464; x_wconf 92' lang='lat' dir='ltr'>doctior.</span> <span class='ocrx_word' id='word_1_381' title='bbox 1360 4406 1422 4464; x_wconf 82' lang='lat' dir='ltr'>Iarn</span> <span class='ocrx_word' id='word_1_382' title='bbox 1446 4425 1471 4466; x_wconf 84' lang='lat' dir='ltr'>a</span> <span class='ocrx_word' id='word_1_383' title='bbox 1493 4406 1573 4464; x_wconf 93' lang='lat' dir='ltr'><strong>LIII.</strong></span> <span class='ocrx_word' id='word_1_384' title='bbox 1599 4406 1679 4466; x_wconf 88' lang='lat' dir='ltr'>inter</span> <span class='ocrx_word' id='word_1_385' title='bbox 1707 4405 1800 4464; x_wconf 86' lang='lat' dir='ltr'>Isidis</span> <span class='ocrx_word' id='word_1_386' title='bbox 1819 4403 1916 4464; x_wconf 87' lang='lat' dir='ltr'>socios</span> <span class='ocrx_word' id='word_1_387' title='bbox 1942 4405 2075 4464; x_wconf 88' lang='lat' dir='ltr'>Dresdae</span> 
     </span>
     <span class='ocr_line' id='line_1_40' title="bbox 693 4488 2129 4566; baseline 0.006 -24"><span class='ocrx_word' id='word_1_388' title='bbox 693 4495 827 4563; x_wconf 87' lang='lat' dir='ltr'>receptus</span> <span class='ocrx_word' id='word_1_389' title='bbox 843 4489 961 4561; x_wconf 90' lang='lat' dir='ltr'>scholis,</span> <span class='ocrx_word' id='word_1_390' title='bbox 977 4507 1053 4566; x_wconf 89' lang='lat' dir='ltr'>quae</span> <span class='ocrx_word' id='word_1_391' title='bbox 1069 4488 1100 4547; x_wconf 93' lang='lat' dir='ltr'>in</span> <span class='ocrx_word' id='word_1_392' title='bbox 1116 4489 1169 4547; x_wconf 87' lang='lat' dir='ltr'>illa</span> <span class='ocrx_word' id='word_1_393' title='bbox 1184 4491 1324 4550; x_wconf 83' lang='lat' dir='ltr'>societate</span> <span class='ocrx_word' id='word_1_394' title='bbox 1336 4491 1463 4566; x_wconf 77' lang='lat' dir='ltr'>siugulis</span> <span class='ocrx_word' id='word_1_395' title='bbox 1483 4492 1721 4550; x_wconf 87' lang='lat' dir='ltr'>hebdomadibus</span> <span class='ocrx_word' id='word_1_396' title='bbox 1736 4491 1952 4560; x_wconf 84' lang='lat' dir='ltr'>Reichenbach,</span> <span class='ocrx_word' id='word_1_397' title='bbox 1971 4491 2072 4561; x_wconf 83' lang='lat' dir='ltr'>Carus,</span> <span class='ocrx_word' id='word_1_398' title='bbox 2124 4529 2129 4542; x_wconf 90' lang='lat'><em>·</em></span> 
     </span>
     <span class='ocr_line' id='line_1_41' title="bbox 693 4569 2074 4653; baseline 0.006 -27"><span class='ocrx_word' id='word_1_399' title='bbox 693 4569 830 4646; x_wconf 86' lang='lat' dir='ltr'>Richter,</span> <span class='ocrx_word' id='word_1_400' title='bbox 847 4575 1001 4646; x_wconf 86' lang='lat' dir='ltr'>Sussdorf,</span> <span class='ocrx_word' id='word_1_401' title='bbox 1017 4575 1175 4646; x_wconf 84' lang='lat' dir='ltr'>Haubuer,</span> <span class='ocrx_word' id='word_1_402' title='bbox 1192 4576 1366 4650; x_wconf 83' lang='lat' dir='ltr'>Dreohslcr‚</span> <span class='ocrx_word' id='word_1_403' title='bbox 1394 4578 1530 4650; x_wconf 75' lang='lat' dir='ltr'>Timar,</span> <span class='ocrx_word' id='word_1_404' title='bbox 1548 4577 1810 4649; x_wconf 83' lang='lat' dir='ltr'>Xiichenmciuter,</span> <span class='ocrx_word' id='word_1_405' title='bbox 1828 4577 1945 4636; x_wconf 86' lang='lat' dir='ltr'>Gciuita</span> <span class='ocrx_word' id='word_1_406' title='bbox 1960 4577 2074 4653; x_wconf 84' lang='lat' dir='ltr'>aliique</span> 
     </span>
     <span class='ocr_line' id='line_1_42' title="bbox 693 4656 2072 4738; baseline 0.004 -26"><span class='ocrx_word' id='word_1_407' title='bbox 693 4656 848 4717; x_wconf 85' lang='lat' dir='ltr'>habebant.</span> <span class='ocrx_word' id='word_1_408' title='bbox 863 4661 1009 4732; x_wconf 82' lang='lat' dir='ltr'>interfuit,</span> <span class='ocrx_word' id='word_1_409' title='bbox 1026 4679 1054 4720; x_wconf 87' lang='lat' dir='ltr'>a.</span> <span class='ocrx_word' id='word_1_410' title='bbox 1068 4661 1144 4720; x_wconf 86' lang='lat' dir='ltr'><strong>LVI.</strong></span> <span class='ocrx_word' id='word_1_411' title='bbox 1161 4662 1248 4720; x_wconf 87' lang='lat' dir='ltr'>etiam</span> <span class='ocrx_word' id='word_1_412' title='bbox 1265 4663 1443 4722; x_wconf 88' lang='lat' dir='ltr'>secretarius</span> <span class='ocrx_word' id='word_1_413' title='bbox 1458 4663 1599 4723; x_wconf 88' lang='lat' dir='ltr'>sectionis</span> <span class='ocrx_word' id='word_1_414' title='bbox 1612 4662 1781 4738; x_wconf 80' lang='lat' dir='ltr'>zoclogioae</span> <span class='ocrx_word' id='word_1_415' title='bbox 1796 4662 1890 4722; x_wconf 90' lang='lat' dir='ltr'>Isidis</span> <span class='ocrx_word' id='word_1_416' title='bbox 1905 4663 2002 4720; x_wconf 84' lang='lat' dir='ltr'>factus</span> <span class='ocrx_word' id='word_1_417' title='bbox 2017 4668 2072 4720; x_wconf 86' lang='lat' dir='ltr'>est.</span> 
     </span>
     <span class='ocr_line' id='line_1_43' title="bbox 692 4743 2070 4824; baseline 0.005 -26"><span class='ocrx_word' id='word_1_418' title='bbox 692 4746 727 4798; x_wconf 91' lang='lat' dir='ltr'>A.</span> <span class='ocrx_word' id='word_1_419' title='bbox 743 4743 850 4801; x_wconf 88' lang='lat' dir='ltr'><strong>LVIII.</strong></span> <span class='ocrx_word' id='word_1_420' title='bbox 867 4747 902 4802; x_wconf 88' lang='lat' dir='ltr'>ab</span> <span class='ocrx_word' id='word_1_421' title='bbox 917 4747 1011 4805; x_wconf 88' lang='lat' dir='ltr'>amico</span> <span class='ocrx_word' id='word_1_422' title='bbox 1028 4767 1081 4805; x_wconf 89' lang='lat' dir='ltr'>suo</span> <span class='ocrx_word' id='word_1_423' title='bbox 1097 4747 1225 4820; x_wconf 73' lang='lat' dir='ltr'>Riecte,</span> <span class='ocrx_word' id='word_1_424' title='bbox 1248 4748 1299 4824; x_wconf 91' lang='lat' dir='ltr'>qui</span> <span class='ocrx_word' id='word_1_425' title='bbox 1319 4749 1527 4808; x_wconf 88' lang='lat' dir='ltr'>commercium</span> <span class='ocrx_word' id='word_1_426' title='bbox 1546 4767 1645 4808; x_wconf 87' lang='lat' dir='ltr'>rerum</span> <span class='ocrx_word' id='word_1_427' title='bbox 1661 4749 1842 4808; x_wconf 88' lang='lat' dir='ltr'>naturalium</span> <span class='ocrx_word' id='word_1_428' title='bbox 1857 4747 2070 4806; x_wconf 87' lang='lat' dir='ltr'>notabiliorum</span> 
     </span>
     <span class='ocr_line' id='line_1_44' title="bbox 691 4827 2069 4912; baseline 0.004 -28"><span class='ocrx_word' id='word_1_429' title='bbox 691 4827 871 4898; x_wconf 87' lang='lat' dir='ltr'>instituerat,</span> <span class='ocrx_word' id='word_1_430' title='bbox 888 4829 1034 4891; x_wconf 90' lang='lat' dir='ltr'>inuitatus</span> <span class='ocrx_word' id='word_1_431' title='bbox 1049 4837 1104 4904; x_wconf 85' lang='lat' dir='ltr'>est,</span> <span class='ocrx_word' id='word_1_432' title='bbox 1120 4837 1154 4892; x_wconf 89' lang='lat' dir='ltr'>ut</span> <span class='ocrx_word' id='word_1_433' title='bbox 1169 4833 1234 4892; x_wconf 86' lang='lat' dir='ltr'>eiua</span> <span class='ocrx_word' id='word_1_434' title='bbox 1250 4835 1363 4908; x_wconf 84' lang='lat' dir='ltr'>negotii</span> <span class='ocrx_word' id='word_1_435' title='bbox 1379 4835 1476 4894; x_wconf 86' lang='lat' dir='ltr'>socius</span> <span class='ocrx_word' id='word_1_436' title='bbox 1488 4835 1583 4904; x_wconf 86' lang='lat' dir='ltr'>lieret,</span> <span class='ocrx_word' id='word_1_437' title='bbox 1594 4835 1675 4912; x_wconf 90' lang='lat' dir='ltr'>quod</span> <span class='ocrx_word' id='word_1_438' title='bbox 1684 4835 1773 4910; x_wconf 87' lang='lat' dir='ltr'>paulo</span> <span class='ocrx_word' id='word_1_439' title='bbox 1782 4839 1849 4911; x_wconf 87' lang='lat' dir='ltr'>post</span> <span class='ocrx_word' id='word_1_440' title='bbox 1861 4840 1977 4892; x_wconf 90' lang='lat' dir='ltr'>mortuo</span> <span class='ocrx_word' id='word_1_441' title='bbox 1989 4831 2069 4892; x_wconf 89' lang='lat' dir='ltr'>socio</span> 
     </span>
     <span class='ocr_line' id='line_1_45' title="bbox 585 4915 2067 4994; baseline 0.005 -23"><span class='ocrx_word' id='word_1_442' title='bbox 585 4931 586 4934; x_wconf 45' lang='lat'>¹</span> <span class='ocrx_word' id='word_1_443' title='bbox 691 4915 755 4990; x_wconf 86' lang='lat' dir='ltr'>ipsc</span> <span class='ocrx_word' id='word_1_444' title='bbox 770 4915 907 4992; x_wconf 85' lang='lat' dir='ltr'>suscepit,</span> <span class='ocrx_word' id='word_1_445' title='bbox 923 4918 1012 4976; x_wconf 91' lang='lat' dir='ltr'>ducta</span> <span class='ocrx_word' id='word_1_446' title='bbox 1026 4919 1060 4976; x_wconf 89' lang='lat' dir='ltr'>in</span> <span class='ocrx_word' id='word_1_447' title='bbox 1072 4919 1294 4978; x_wconf 88' lang='lat' dir='ltr'>matrimonium</span> <span class='ocrx_word' id='word_1_448' title='bbox 1311 4920 1407 4980; x_wconf 85' lang='lat' dir='ltr'>Olera·</span> <span class='ocrx_word' id='word_1_449' title='bbox 1417 4921 1533 4981; x_wconf 82' lang='lat' dir='ltr'>Isidore</span> <span class='ocrx_word' id='word_1_450' title='bbox 1555 4940 1571 4980; x_wconf 90' lang='lat' dir='ltr'>e</span> <span class='ocrx_word' id='word_1_451' title='bbox 1592 4926 1681 4994; x_wconf 80' lang='lat' dir='ltr'>gente</span> <span class='ocrx_word' id='word_1_452' title='bbox 1696 4919 1879 4979; x_wconf 86' lang='lat' dir='ltr'>Kaemmelia</span> <span class='ocrx_word' id='word_1_453' title='bbox 1893 4917 2067 4978; x_wconf 87' lang='lat' dir='ltr'>Dresdsusi.</span> 
     </span>
    </p>
   </div>
   <div class='ocr_carea' id='block_1_6' title="bbox 0 0 2444 6538">
    <p class='ocr_par' dir='ltr' id='par_1_8' title="bbox 0 0 2444 6538">
     <span class='ocr_line' id='line_1_46' title="bbox 0 0 2444 6538; baseline 0 10"><span class='ocrx_word' id='word_1_454' title='bbox 0 0 2444 6538; x_wconf 95' lang='lat' dir='ltr'> </span> 
     </span>
    </p>
   </div>
  </div>
 </body>
</html>
