4880 6538
359 1191 397 1252 nh
412 1191 560 1272 mtqsdtote
574 1189 740 1252 seiunxerit.
767 1191 817 1262 32,
843 1187 894 1248 93.
941 1182 1058 1268 Ecquid
1080 1193 1106 1246 te
1123 1184 1198 1244 ratio
1212 1181 1306 1252 iuris,
1334 1178 1437 1264 nequii
1454 1178 1675 1242 interdictorum
1691 1174 1770 1238 dis·

359 1298 533 1370 similitudo,
558 1299 663 1382 ecquid
682 1299 838 1360 amtorem
861 1297 1010 1358 maiorum
1029 1289 1210 1354 commouet?
1236 1288 1415 1371 eodemque
1436 1287 1532 1352 modo
1553 1285 1651 1350 etiam
1672 1287 1748 1348 ratio

249 1469 253 1480 ,
356 1410 507 1473 interdicti
521 1405 639 1470 dicitur
656 1411 705 1480 36,
724 1411 792 1470 104.
809 1411 878 1469 mm
893 1403 1021 1485 reliqua
1036 1419 1166 1483 quoque
1181 1398 1282 1463 rerba
1296 1398 1365 1462 eius
1387 1397 1474 1463 modi
1489 1402 1578 1476 sunt,
1602 1399 1640 1460 ut
1655 1415 1747 1477 sepa-

366 1517 447 1582 ratis
462 1516 527 1580 illis
541 1515 650 1580 verbis
672 1515 768 1580 facile
782 1515 890 1580 locum
911 1533 1005 1608 suum
1026 1515 1189 1576 tueantur.
1234 1508 1300 1574 Sed
1319 1509 1492 1574 molestum
1509 1513 1560 1573 est
1578 1509 1611 1572 in
1632 1506 1746 1572 endem

359 1626 523 1692 censebis
539 1626 607 1690 suis
622 1625 732 1690 uerbis
749 1645 854 1703 orere,
870 1623 981 1705 itaque
995 1639 1114 1704 ponem
1128 1618 1181 1684 hic
1196 1619 1276 1684 nihil
1291 1619 1394 1698 eliud,
1416 1620 1478 1684 m'si
1494 1617 1580 1701 quod
1596 1617 1745 1682 Kellerus

356 1736 689 1819 intellegentissumus
710 1735 797 1800 idem
821 1739 854 1799 et
877 1732 1113 1799 seuerissumus
1134 1729 1251 1794 harum
1275 1750 1386 1794 rerum
1405 1730 1505 1795 iudex
1524 1730 1565 1794 de
1587 1728 1648 1792 hoc
1674 1726 1745 1791 loco

356 1846 581 1930 pronuntiauit
594 1847 628 1910 in
645 1847 836 1910 Snnretrium
849 1845 914 1910 nol.
931 1844 956 1909 Ι.
972 1863 1003 1926 p.
1023 1845 1096 1906 442.
1117 1839 1191 1904 adn.
1213 1845 1276 1902 27³
1302 1833 1433 1918 ‘Recte'
1450 1841 1571 1922 inquit,
1585 1834 1744 1904 ‘Klotzius

360 1963 394 2020 et
407 1957 440 2020 in
457 1957 563 2020 altere
578 1957 767 2020 recensione
789 1955 929 2020 Orellius
951 1953 1118 2034 uulgarem
1141 1950 1295 2015 Codicum
1317 1951 1490 2016 lectionem
1509 1951 1598 2014 illam
1622 1947 1663 2034 (et
1682 1951 1745 2029 ius)

362 2067 586 2143 restituerunt,
602 2085 687 2148 quae
702 2065 782 2129 nihil
805 2064 926 2129 hebere
948 2062 1079 2128 uidetur
1100 2060 1202 2142 inepti
1221 2079 1326 2141 neque
1349 2059 1443 2124 foede
1465 2059 1632 2144 superflui,
1657 2058 1744 2142 qnod

338 2175 564 2240 ¹coniecturae
585 2174 691 2240 locum
711 2174 820 2240 fecere
844 2173 995 2258 potuerit.
1035 2170 1118 2236 Nem
1145 2169 1324 2234 uerissums
1343 2150 1490 2236 Klotzius
1514 2170 1560 2254 (in
1583 2168 1687 2234 Prnef.
1713 2191 1743 2252 p.
1810 2174 1819 2186 “

358 2285 464 2353 XLet
478 2284 512 2349 in
528 2285 745 2350 Adnototione
760 2284 803 2349 ed
818 2284 848 2348 h.
860 2284 897 2360 l.)
913 2281 1046 2359 monuit,
1062 2280 1168 2344 tribus
1184 2279 1248 2344 illis
1268 2279 1379 2344 uerbis
1403 2281 1501 2344 etiam
1515 2301 1569 2344 res
1584 2281 1664 2346 setis
1680 2279 1745 2344 dis-

359 2396 478 2460 tinctas
494 2399 562 2460 tres
577 2394 766 2478 significari,
792 2393 946 2458 uidelicet
966 2395 1013 2456 irre
1034 2413 1198 2467 mmmune,
1226 2395 1273 2454 r'us
1297 2389 1437 2456 Caecinae
1459 2397 1493 2455 et
1515 2415 1648 2468 romain,
1671 2415 1746 2477 quac

240 2581 243 2586 ⁵
359 2510 471 2592 opiter,
491 2505 680 2582 interdicto,
710 2502 862 2583 formula,
893 2500 1137 2568 defensionibus
1154 2500 1354 2583 litigatorum
1381 2501 1591 2566 eonst‘tutem
1611 2501 1746 2566 circum·

358 2607 597 2698 scriptamque?
1678 2678 1679 2682 ,

444 2725 560 2808 C.U.§.
574 2731 621 2789 14.
638 2745 742 2808 nuper
751 2725 901 2792 Baiterus
915 2724 1057 2808 scripsit:
1078 2722 1151 2803 Qun
1162 2722 1270 2808 ipitrr?
1284 2725 1353 2797 Ille,
1366 2747 1452 2809 quem
1463 2724 1751 2808 supradcsormoni:

359 2837 540 2900 uoluntarius
553 2839 666 2900 amiens
680 2838 881 2900 mulierisetc.
898 2835 1009 2918 itaque
1024 2833 1152 2898 sanein
1167 2832 1332 2917 plerisque
1347 2833 1440 2898 libris
1454 2855 1495 2898 en
1508 2833 1612 2898 uerba
1628 2833 1751 2916 scripte

359 2949 443 3010 sunt.
489 2945 552 3011 Sed
569 2967 669 3029 quum
691 2945 796 3010 codex
818 2945 1048 3028 palimpsestus
1066 2943 1276 3010 Teurinensis
1300 2945 1437 3010 totidem
1460 2944 1578 3010 litteris
1594 2943 1750 3036 scriptum

363 3055 511 3120 offerret:
533 3055 606 3134 Qun
620 3055 736 3141 ipr‘tnr?
752 3057 816 3131 Ide,
830 3059 885 3128 ilie,
899 3080 986 3142 quun
1000 3079 1095 3141 snpra
1110 3056 1279 3142 desomnem
1293 3061 1364 3132 etc,
1380 3054 1465 3119 hanc
1480 3055 1674 3138 scripturum
1690 3075 1750 3138 ego

363 3165 429 3230 iem
444 3167 612 3248 superiore
633 3171 779 3249 tempore
799 3165 1019 3249 recipiendam
1041 3185 1113 3229 esse
1133 3165 1330 3230 existumnui
1350 3165 1493 3248 mihique
1512 3185 1623 3230 omnes
1648 3166 1752 3230 critici

366 3282 503 3360 excepto
530 3295 626 3358 quem
653 3276 748 3340 modo
775 3275 842 3339 dixi
863 3275 995 3340 Baitero
1021 3274 1152 3338 adsensi
1178 3280 1255 3338 sunt
1309 3275 1416 3338 Facile
1436 3276 1520 3338 enim
1543 3277 1576 3340 in
1599 3277 1752 3342 continua

365 3385 541 3468 scriptione
558 3385 696 3450 alterum
710 3388 762 3450 itte
778 3383 927 3450 excidere
942 3386 1088 3468 potuisse
1103 3389 1253 3468 apparet,
1269 3389 1307 3448 ut
1322 3391 1506 3450 ceterorum
1521 3385 1677 3450 librorum
1693 3407 1750 3452 eu·

240 3525 244 3538 ·
367 3496 502 3560 ctoritas
518 3496 579 3561 hnc
595 3497 725 3579 quidem
741 3497 773 3560 in
788 3516 825 3560 re
840 3517 903 3560 non
920 3496 1057 3559 multum
1077 3493 1185 3559 velere
1205 3495 1370 3574 uideatur,
1394 3495 1620 3579 repetitionem
1641 3502 1750 3561 nutem

366 3607 564 3687 pronominis
585 3607 627 3670 nd
648 3607 733 3672 hunc
752 3608 858 3670 locum
879 3607 1091 3688 aptissumnm
1112 3625 1198 3684 esse,
1220 3606 1276 3670 ubi
1297 3627 1360 3670 non
1382 3607 1451 3670 sine
1471 3607 1592 3670 maiore
1615 3607 1648 3670 ui
1663 3606 1749 3671 illius

363 3735 504 3796 persone
520 3715 668 3794 effertur,
685 3716 740 3798 qui
761 3715 814 3780 hic
835 3721 969 3780 notatur
987 3721 1086 3796 atque
1106 3717 1351 3798 perstringitur,
1374 3715 1695 3828 pluribus'exemplis
1717 3723 1751 3782 et

364 3843 423 3906 ego
439 3825 516 3890 olim
531 3825 658 3890 ostendi
675 3832 708 3890 et
724 3825 833 3888 docuit
849 3825 922 3888 Cer.
937 3825 996 3889 Ad.
1013 3824 1171 3888 Iordnnus
1187 3826 1228 3889 nd
1245 3825 1275 3888 h.
1291 3826 1312 3890 1.
1328 3847 1357 3908 p.
1378 3831 1500 3908 ldSsq.

448 3935 612 4018 C.UHI.§.
623 3941 672 3999 22.
688 3935 782 4018 volgo
792 3936 873 4000 heec
884 3935 986 4000 uerba
993 3935 1145 4018 leguntur
1157 3933 1190 3998 in
1201 3934 1333 4000 libriset
1344 3957 1443 4000 manu
1455 3935 1583 4020 scriptis
1592 3943 1624 4001 et
1635 3936 1748 4002 formis

363 4043 548 4110 litterarum
563 4045 749 4129 descriptis:
765 4047 865 4112 codem
879 4059 1008 4132 tempore
1018 4069 1048 4110 se
1062 4049 1093 4110 in
1101 4046 1212 4130 jupam
1225 4047 1378 4133 conferunt
1387 4068 1449 4110 una
1461 4051 1550 4112 criniri
1558 4051 1749 4134 ocluorntiquc

362 4158 423 4219 ciue
436 4169 512 4220 rnetu
527 4161 692 4240 perterriti,
713 4181 799 4242 quem
813 4157 987 4220 admodum
999 4157 1118 4224 diturum
1135 4167 1235 4220 tentem
1250 4160 1343 4222 eiicere
1358 4161 1482 4222 arietinis
1513 4159 1572 4222 His
1588 4159 1621 4222 in
1637 4158 1747 4222 uerbis

364 4263 440 4328 olim
455 4265 590 4348 IoAug.
598 4267 728 4332 Ernesti
744 4267 885 4332 offensus
902 4273 986 4346 eret,
1009 4269 1065 4350 qui
1080 4267 1191 4334 subtili
1212 4287 1276 4350 quo
1296 4275 1367 4332 eret
1387 4269 1504 4332 indicio
1527 4269 1628 4332 sensit
1649 4271 1748 4334 eodem

365 4387 492 4458 ternpore
508 4383 541 4439 et
556 4401 618 4440 urna
632 4379 665 4440 in
682 4377 795 4442 eodem
811 4377 872 4442 hoc
889 4377 1056 4444 enuntiato
1071 4399 1135 4442 non
1152 4379 1240 4442 satis
1254 4385 1343 4442 recte
1364 4378 1469 4442 locum
1489 4379 1620 4444 hebere.
1647 4371 1747 4456 ‘Fun’

361 4483 480 4566 inquit,
502 4479 692 4565 ‘redundat‚
713 4487 791 4570 quin
809 4493 885 4552 ente
907 4495 958 4552 est
979 4492 1079 4554 rodun
1097 4502 1244 4575 ternpore,
1267 4488 1355 4573 quod
1375 4489 1416 4552 nb
1438 4513 1500 4552 unc
1519 4489 1598 4552 nihil
1625 4487 1744 4554 differt.

360 4593 475 4658 Ortum
491 4595 622 4660 uidetur
633 4597 769 4661 uerbum
786 4617 826 4661 ex
839 4597 965 4662 ultuma
975 4597 1101 4681 syllnbn
1111 4599 1203 4663 uerbi
1218 4588 1460 4664 antecedentis?
1483 4597 1553 4662 Hoc
1567 4603 1655 4662 recte
1666 4599 1746 4662 iudi-

361 4709 469 4768 catum
482 4723 554 4770 esse
567 4725 631 4769 non
643 4707 747 4770 solum
758 4706 833 4770 inde
845 4707 1054 4791 intellegitur,
1066 4709 1153 4794 quod
1166 4709 1198 4772 in
1210 4709 1319 4774 codice
1328 4708 1510 4774 Erfurtensi
1522 4708 1642 4792 legitur
1649 4711 1746 4796 ronse·

359 4827 430 4878 runt
439 4839 500 4878 urna
515 4819 619 4893 meien',
637 4817 723 4898 quod
736 4839 773 4881 eo
786 4823 898 4882 natum
910 4839 991 4897 esse,
1008 4819 1094 4902 qnod
1106 4819 1258 4884 librarius
1270 4823 1373 4884 nrner'ci
1384 4821 1532 4900 (ancien)
1545 4819 1577 4884 in
1590 4819 1673 4888 libro
1687 4840 1745 4884 suo

358 4924 542 5002 inuenerat,
567 4931 656 4990 recte
677 4927 759 4990 dixit
779 4927 820 4991 M.
836 4928 999 5011 Hauptius
1022 4929 1056 4992 in
1082 4929 1345 4995 Obrenmrionr'trn
1370 4934 1479 4994 ancien
1498 4951 1529 5012 p.
1550 4935 1609 5008 42„
1631 4951 1744 4996 nerum
1826 4999 1829 5008 .

1518 5058 1533 5102 n
