4880 6538
312 1190 401 1264 ‚licet
416 1189 532 1274 cupide
548 1188 790 1272 exspectauisse
806 1208 870 1270 quo
885 1189 987 1272 ipsius
1002 1187 1187 1254 testimonio
1203 1185 1336 1252 tendem
1353 1185 1528 1270 eliquendo
1545 1184 1578 1248 in
1592 1183 1718 1248 iudicio

326 1300 486 1366 creditum
500 1303 682 1382 pateretur.
713 1297 821 1363 Facile
837 1303 944 1364 eutem
962 1297 1118 1380 explicari
1134 1301 1245 1380 potest
1262 1317 1358 1379 quem
1374 1296 1416 1360 ed
1437 1295 1569 1360 modum
1591 1295 1716 1358 tectum

327 1409 379 1488 sit
395 1409 608 1496 utaliquando
623 1411 654 1472 ia
669 1407 824 1472 iudiciuin
840 1409 941 1494 aliquo
956 1415 989 1472 in
1003 1408 1324 1500 iudiciomutersturl
1356 1405 1431 1470 Sine
1448 1405 1547 1470 dubio
1563 1404 1647 1470 enim
1663 1403 1717 1468 hic
1766 1407 1769 1412 “

333 1539 472 1602 quoque,
485 1524 525 1583 ut
539 1517 650 1582 multis
667 1517 739 1582 eliis
754 1517 834 1581 locis
849 1517 910 1582 hoc
929 1517 1017 1582 idem
1033 1517 1229 1600 agnoscitur,
1247 1515 1349 1580 codex
1365 1515 1563 1598 archetypus
1578 1533 1718 1596 conpen-

333 1627 422 1693 dium
437 1627 552 1692 hsbuit
568 1633 666 1710 etque
681 1627 715 1691 iu
731 1647 769 1692 eo
785 1627 942 1710 scriptum
958 1633 1030 1692 eret
1049 1639 1080 1691 ut
1095 1628 1178 1713 atiq'ri
1192 1631 1225 1690 ia
1239 1629 1359 1690 iudicio.
1396 1625 1477 1690 Mihi
1497 1625 1597 1706 igitur
1613 1623 1721 1688 Baite-

333 1759 389 1802 rus
405 1744 439 1802 et
453 1737 619 1821 Kayserus
634 1737 717 1802 hanc
733 1757 862 1820 quoque
878 1739 1075 1822 scripturam
1090 1737 1236 1820 recipere
1253 1735 1405 1800 debuisse
1420 1734 1582 1799 uidentur.

415 1845 606 1930 C.Xi.§.32.
622 1867 707 1911 nuno
718 1847 752 1912 in
764 1847 912 1912 omnibus
927 1847 1021 1912 libris
1033 1846 1197 1912 Ciceronis
1212 1846 1327 1911 formis
1338 1844 1512 1928 descriptis
1524 1844 1605 1909 haec
1618 1843 1722 1908 uerba

329 1957 497 2040 leguntur:
524 1957 678 2024 Posterius
692 1959 728 2023 dc
742 1959 832 2022 uerba
848 1959 1029 2022 uidebimur:
1042 1981 1119 2022 auae
1133 1981 1196 2022 rem
1211 1961 1311 2042 ipsam
1323 1977 1485 2042 mamus,
1499 1977 1592 2040 quam
1606 1955 1652 2018 illi
1664 1977 1722 2018 aon

332 2081 447 2153 arpent,
462 2080 490 2132 at
507 2071 569 2132 rias
586 2072 630 2132 rei
644 2071 691 2131 ias
706 2071 905 2152 aotioaermpra
920 2091 1109 2152 quaeramus.
1134 2067 1190 2131 Est
1205 2067 1275 2132 daca
1287 2089 1335 2132 rae
1348 2069 1454 2151 posita,
1469 2087 1547 2150 quae
1560 2065 1598 2128 ab
1612 2065 1721 2128 adaer-

204 2167 212 2190 ⁸
331 2182 412 2241 sario
426 2201 485 2242 aaa
499 2189 633 2260 reputor,
654 2177 810 2244 Caecinam
826 2215 863 2224 -
879 2169 999 2263 prabum
1008 2177 1254 2262 prohibitumque
1267 2197 1328 2242 esec
1342 2178 1377 2238 ui
1390 2177 1494 2240 coactis
1513 2159 1720 2239 tamnitica

331 2292 465 2352 amau's.
500 2307 620 2369 nequo,
642 2293 799 2370 qusntum
821 2287 905 2364 scio,
928 2286 1099 2369 quisquam
1117 2287 1151 2350 in
1173 2286 1224 2350 his
1243 2285 1354 2380 uerbis
1377 2284 1563 2350 haesiteuit.
1594 2284 1717 2350 Uerum

331 2404 440 2462 temen
457 2395 582 2462 duabus
598 2396 760 2462 decausis
777 2395 818 2462 de
832 2395 928 2460 huius
943 2395 1006 2460 loci
1021 2395 1184 2479 scripture
1198 2395 1407 2460 vehementer
1423 2393 1548 2458 dubito.
1576 2393 1722 2460 Primum

331 2506 435 2570 uerba
445 2507 608 2572 uidebimus
619 2513 652 2571 et
658 2529 808 2592 pamma
817 2525 883 2570 nou
898 2506 979 2570 estis
991 2511 1081 2570 recte
1090 2506 1178 2570 iuter
1188 2526 1224 2570 se
1236 2504 1354 2589 epponi
1365 2503 1507 2570 hocloco
1521 2504 1599 2568 mihi
1610 2505 1722 2570 uiden·

334 2621 397 2681 tur.
441 2617 620 2699 Exspeotes
634 2636 852 2703 proponamus
866 2616 973 2699 potius
986 2616 1210 2690 emriderenus,
1221 2618 1425 2681 maadaemae
1439 2617 1498 2680 eut
1513 2613 1637 2699 aliquid
1653 2615 1722 2680 eius

335 2725 431 2789 modi.
462 2726 534 2790 Non
549 2726 655 2790 miuus
671 2725 839 2791 offensioni
855 2731 915 2804 est,
932 2725 1029 2808 quod,
1045 2747 1145 2808 quum
1159 2725 1256 2790 modo
1271 2725 1411 2790 dixisset
1425 2729 1551 2790 oretur:
1566 2747 1645 2789 aum
1658 2747 1723 2790 rem

310 2819 314 2834 '
336 2841 433 2920 ipsam
445 2859 605 2922 mnaseas,
622 2837 733 2900 stetim
748 2836 907 2919 perrexit:
923 2838 979 2901 Est
992 2838 1062 2902 taor
1077 2859 1124 2902 res
1133 2839 1247 2923 pasa'ra,
1261 2855 1460 2919 quemquem
1472 2835 1544 2918 ipse
1558 2834 1610 2914 id,
1635 2835 1722 2918 quod

333 2963 457 3028 ponere
472 2945 616 3012 uoluisse
631 2945 772 3022 uidetur,
788 2947 931 3010 nondum
947 2952 1113 3030 posuerat.
1141 2945 1236 3024 Quod
1251 2965 1352 3029 quum
1366 2945 1414 3010 ite
1428 2946 1481 3024 sit,
1496 2944 1723 3028 percommode

334 3055 462 3134 eccidit,
479 3055 566 3139 qued
582 3075 600 3120 c
616 3055 725 3122 codice
742 3055 978 3139 Tegsrnseensi
994 3057 1059 3122 ulie
1073 3056 1237 3139 scripture
1258 3061 1395 3121 enotata
1417 3061 1480 3134 est,
1506 3075 1590 3138 quee
1610 3075 1723 3138 quem·

334 3185 434 3247 quem
449 3165 521 3249 ipse
534 3151 615 3230 dere
630 3185 702 3230 esse
717 3187 781 3230 non
795 3172 914 3250 potest,
930 3172 1040 3232 temen
1056 3167 1098 3230 ed
1113 3165 1147 3230 id
1161 3166 1296 3249 propius
1312 3165 1564 3248 secedit-quod
1586 3167 1724 3249 egoisoc
1796 3179 1802 3190 ·

331 3274 403 3338 loco
418 3273 515 3338 modo
527 3273 722 3340 desiderari.
743 3275 877 3360 Legitur
893 3276 1026 3341 enimin
1043 3295 1081 3340 eo
1096 3275 1180 3340 libro
1190 3279 1359 3362 poter-imur
1375 3295 1434 3357 pro
1455 3297 1616 3360 ponamus.
1638 3277 1723 3341 Hinc

334 3383 432 3448 facile
448 3384 597 3449 concludi
611 3391 721 3468 potest
734 3385 767 3450 iu
779 3386 890 3451 codice
902 3387 1078 3470 archetypo
1090 3385 1191 3450 fuisse
1201 3370 1461 3450 PUDEREMUS
1477 3391 1536 3452 eut
1544 3389 1723 3472 perderemus

336 3494 503 3576 scripturn,
520 3500 620 3577 etque
634 3495 715 3561 haec
730 3496 835 3562 uerba
849 3517 889 3561 ex
900 3495 987 3562 illius
1003 3495 1123 3562 codicis
1139 3496 1263 3580 optumi
1277 3495 1465 3562 testimonio
1479 3494 1544 3562 iem
1560 3497 1606 3560 sic
1621 3496 1722 3562 fuisse

334 3603 581 3669 constituenda:
599 3606 757 3671 Posterius
772 3607 809 3672 de
822 3609 914 3671 aerbo
927 3601 1114 3674 uidebimur.-
1127 3631 1206 3672 uum
1219 3630 1283 3672 rem
1299 3610 1396 3692 ipsam
1408 3609 1616 3693 ponderosam,
1630 3631 1722 3693 quam

265 3739 269 3746 ·
332 3715 381 3778 illi
393 3737 452 3779 aaa
468 3729 584 3800 nepam,
596 3727 622 3781 at
633 3719 694 3780 ciue
702 3721 747 3782 rei
756 3719 802 3781 ers
812 3720 1008 3803 amoenaque
1017 3739 1203 3803 quaeramus.
1235 3718 1292 3781 Est
1301 3717 1371 3782 daec
1380 3739 1429 3780 res
1438 3721 1541 3804 posita
1556 3722 1616 3782 etc.
1642 3739 1722 3803 poa·

332 3825 439 3892 derare
450 3823 643 3890 trensletiue
654 3845 675 3890 s
688 3826 732 3893 M.
742 3827 848 3892 Tullia
863 3845 1107 3910 saepenumero
1119 3827 1271 3910 usurpari
1283 3831 1397 3891 notum
1410 3832 1469 3905 est,
1487 3845 1585 3910 quem
1595 3827 1636 3892 ob
1651 3845 1722 3892 rem

333 3941 432 4000 uirum
444 3936 513 4000 eius
525 3937 574 4002 rei
592 3937 775 4022 exemplum
792 3957 953 4021 epponem
967 3987 975 4016 ,
988 3936 1045 4002 ubi
1057 3936 1193 4020 simplex
1205 3937 1342 4004 uerbum
1351 3940 1523 4026 ponderare
1532 3957 1598 4002 non
1608 3935 1721 4002 addito

334 4045 478 4112 ebletiuo
495 4047 1117 4114 euteliomensureeadiumentoeodsm
1128 4047 1250 4117 modos
1260 4045 1416 4113 Cicerone
1427 4047 1635 4131 positumest,
1646 4048 1721 4113 Dis·

330 4160 522 4241 praetiosum
537 4158 835 4224 Tuemlaaarumlib.
844 4158 880 4222 V.
891 4163 940 4236 25,
957 4165 974 4222 7
978 4163 1116 4245 asapia
1127 4159 1311 4240 (disserendi
1318 4162 1432 4225 ruriam
1442 4160 1615 4240 audentea)
1628 4182 1720 4244 quma

332 4291 450 4330 summa
465 4269 576 4334 otiliae
591 4271 704 4342 occurit
717 4270 759 4333 ad
771 4293 820 4335 rae
832 4269 1042 4353 porederaadae
1055 4281 1119 4332 tum
1132 4290 1273 4334 maaaarc
1282 4263 1410 4354 inparia
1424 4271 1572 4335 datam
1586 4281 1614 4336 et
1629 4267 1722 4352 dipsa

333 4381 486 4463 sapimus.

420 4487 524 4552 Uerrio
538 4489 603 4554 iem
618 4489 660 4554 ad
675 4489 782 4554 locum
797 4487 1021 4573 perdifficilem
1042 4495 1076 4554 et
1095 4490 1187 4554 uerie
1209 4474 1418 4572 temptatum,
1440 4487 1498 4554 sed
1519 4495 1629 4554 temen
1651 4491 1720 4556 eius

334 4594 429 4676 modi,
445 4602 483 4662 ut
496 4597 576 4662 mihi
596 4599 676 4664 setis
693 4599 860 4664 commode
881 4599 1035 4664 constitui
1054 4619 1151 4684 posse
1170 4600 1337 4678 uideatur,
1360 4619 1558 4684 quemquem
1579 4600 1718 4683 ingenue

333 4705 488 4790 profiteor
503 4727 524 4772 e
537 4728 589 4772 me
605 4727 748 4792 quoque,
763 4714 802 4774 ut
815 4709 920 4775 feres
942 4710 1059 4776 ceteris
1079 4709 1227 4777 omnibus
1249 4709 1384 4788 criticis,
1411 4709 1497 4774 hunc
1516 4709 1624 4775 locum
1644 4710 1721 4776 olim

334 4837 398 4882 non
413 4819 493 4894 setis
509 4825 598 4883 recte
614 4839 685 4884 esse
700 4819 912 4886 intellectum.
943 4819 1079 4904 Legitur
1093 4821 1121 4886 is
1138 4841 1164 4884 o.
1181 4820 1252 4885 XII.
1268 4821 1296 4904 ἓ.
1314 4825 1364 4886 35.
1401 4821 1449 4886 Ae
1463 4840 1504 4884 nc
1520 4821 1553 4884 in
1569 4841 1618 4898 rc,
1635 4839 1719 4903 quse

334 4927 531 4996 breuitatem
552 4929 708 4996 orationis
730 4929 910 5008 desideret,
939 4930 1066 5014 longior
1091 4931 1168 5006 sim,
1188 4931 1254 4994 iem
1274 4949 1393 5013 ponam
1419 4929 1585 4996 Ciceronis
1607 4931 1719 5006 uerba,
