<?xml version="1.0" encoding="UTF-8"?>
<!DOCTYPE html PUBLIC "-//W3C//DTD XHTML 1.0 Transitional//EN"
    "http://www.w3.org/TR/xhtml1/DTD/xhtml1-transitional.dtd">
<html xmlns="http://www.w3.org/1999/xhtml" xml:lang="en" lang="en">
 <head>
  <title>
</title>
<meta http-equiv="Content-Type" content="text/html;charset=utf-8" />
  <meta name='ocr-system' content='tesseract 3.04.00' />
  <meta name='ocr-capabilities' content='ocr_page ocr_carea ocr_par ocr_line ocrx_word'/>
</head>
<body>
  <div class='ocr_page' id='page_1' title='image "adnotationumcri00klotgoog_0049.png"; bbox 0 0 4880 6538; ppageno 0'>
   <div class='ocr_carea' id='block_1_1' title="bbox 1150 870 1585 936">
    <p class='ocr_par' dir='ltr' id='par_1_1' title="bbox 1150 870 1585 936">
     <span class='ocr_line' id='line_1_1' title="bbox 1150 870 1585 936; baseline -0.002 -28"><span class='ocrx_word' id='word_1_1' title='bbox 1150 870 1585 936; x_wconf 76' lang='grc'>-.-.4-..-.-.</span> 
     </span>
    </p>
   </div>
   <div class='ocr_carea' id='block_1_2' title="bbox 665 1060 2058 2816">
    <p class='ocr_par' dir='ltr' id='par_1_2' title="bbox 665 1060 2058 2816">
     <span class='ocr_line' id='line_1_2' title="bbox 757 1060 2055 1148; baseline 0 -20"><span class='ocrx_word' id='word_1_2' title='bbox 757 1063 791 1128; x_wconf 83' lang='lat' dir='ltr'>O.</span> <span class='ocrx_word' id='word_1_3' title='bbox 812 1063 882 1127; x_wconf 84' lang='lat' dir='ltr'>XX.</span> <span class='ocrx_word' id='word_1_4' title='bbox 905 1067 934 1144; x_wconf 64' lang='grc' dir='ltr'>ξ.</span> <span class='ocrx_word' id='word_1_5' title='bbox 953 1069 1002 1134; x_wconf 83' lang='grc'>58.</span> <span class='ocrx_word' id='word_1_6' title='bbox 1033 1063 1178 1128; x_wconf 90' lang='lat' dir='ltr'>inlibris</span> <span class='ocrx_word' id='word_1_7' title='bbox 1202 1084 1297 1128; x_wconf 84' lang='lat' dir='ltr'>manu</span> <span class='ocrx_word' id='word_1_8' title='bbox 1321 1063 1449 1148; x_wconf 81' lang='lat' dir='ltr'>scriptis</span> <span class='ocrx_word' id='word_1_9' title='bbox 1472 1063 1551 1128; x_wconf 88' lang='lat' dir='ltr'>haec</span> <span class='ocrx_word' id='word_1_10' title='bbox 1575 1061 1674 1127; x_wconf 87' lang='lat' dir='ltr'>uerba</span> <span class='ocrx_word' id='word_1_11' title='bbox 1696 1060 1869 1128; x_wconf 85' lang='lat' dir='ltr'>habentur:</span> <span class='ocrx_word' id='word_1_12' title='bbox 1914 1065 1990 1127; x_wconf 85' lang='lat' dir='ltr'>Tam</span> <span class='ocrx_word' id='word_1_13' title='bbox 2013 1085 2055 1128; x_wconf 82' lang='lat' dir='ltr'>re·</span> 
     </span>
     <span class='ocr_line' id='line_1_3' title="bbox 670 1163 2057 1268; baseline 0.001 -23"><span class='ocrx_word' id='word_1_14' title='bbox 670 1186 773 1257; x_wconf 66' lang='lat' dir='ltr'>sedare</span> <span class='ocrx_word' id='word_1_15' title='bbox 795 1163 912 1246; x_wconf 78' lang='lat' dir='ltr'>sinnas</span> <span class='ocrx_word' id='word_1_16' title='bbox 932 1184 1074 1256; x_wconf 77' lang='lat' dir='ltr'>seruulm,</span> <span class='ocrx_word' id='word_1_17' title='bbox 1098 1187 1234 1268; x_wconf 82' lang='lat' dir='ltr'>quamsi</span> <span class='ocrx_word' id='word_1_18' title='bbox 1247 1184 1372 1268; x_wconf 81' lang='lat' dir='ltr'>familia</span> <span class='ocrx_word' id='word_1_19' title='bbox 1391 1183 1496 1260; x_wconf 83' lang='lat' dir='ltr'>feeerit</span> <span class='ocrx_word' id='word_1_20' title='bbox 1518 1183 1669 1258; x_wconf 67' lang='lat' dir='ltr'>uniuerso,</span> <span class='ocrx_word' id='word_1_21' title='bbox 1692 1203 1751 1244; x_wconf 85' lang='lat' dir='ltr'>noa</span> <span class='ocrx_word' id='word_1_22' title='bbox 1770 1204 1827 1266; x_wconf 83' lang='lat' dir='ltr'>quo</span> <span class='ocrx_word' id='word_1_23' title='bbox 1848 1184 1984 1266; x_wconf 77' lang='lat' dir='ltr'>idemeit</span> <span class='ocrx_word' id='word_1_24' title='bbox 1997 1204 2057 1246; x_wconf 81' lang='lat' dir='ltr'>rer·</span> 
     </span>
     <span class='ocr_line' id='line_1_4' title="bbox 671 1301 2057 1386; baseline 0.004 -23"><span class='ocrx_word' id='word_1_25' title='bbox 671 1302 867 1374; x_wconf 70' lang='lat' dir='ltr'>nutrieram,</span> <span class='ocrx_word' id='word_1_26' title='bbox 890 1305 970 1386; x_wconf 81' lang='lat' dir='ltr'>quod</span> <span class='ocrx_word' id='word_1_27' title='bbox 984 1303 1124 1386; x_wconf 67' lang='lat' dir='ltr'>familia2</span> <span class='ocrx_word' id='word_1_28' title='bbox 1143 1325 1248 1364; x_wconf 77' lang='lat' dir='ltr'>uerum</span> <span class='ocrx_word' id='word_1_29' title='bbox 1272 1305 1343 1386; x_wconf 83' lang='lat' dir='ltr'>quia</span> <span class='ocrx_word' id='word_1_30' title='bbox 1367 1324 1423 1364; x_wconf 83' lang='lat' dir='ltr'>non</span> <span class='ocrx_word' id='word_1_31' title='bbox 1445 1302 1550 1386; x_wconf 82' lang='lat' dir='ltr'>quibas</span> <span class='ocrx_word' id='word_1_32' title='bbox 1568 1301 1665 1364; x_wconf 79' lang='lat' dir='ltr'>aerdr&#39;s</span> <span class='ocrx_word' id='word_1_33' title='bbox 1685 1302 1814 1386; x_wconf 77' lang='lat' dir='ltr'>quidque</span> <span class='ocrx_word' id='word_1_34' title='bbox 1834 1303 1947 1364; x_wconf 81' lang='lat' dir='ltr'>dr&#39;eatrrr</span> <span class='ocrx_word' id='word_1_35' title='bbox 1969 1323 2057 1385; x_wconf 76' lang='lat' dir='ltr'>quae·</span> 
     </span>
     <span class='ocr_line' id='line_1_5' title="bbox 670 1417 2056 1504; baseline 0.001 -24"><span class='ocrx_word' id='word_1_36' title='bbox 670 1423 762 1492; x_wconf 80' lang='lat' dir='ltr'>rr&#39;tur,</span> <span class='ocrx_word' id='word_1_37' title='bbox 781 1420 923 1504; x_wconf 73' lang='lat' dir='ltr'>adquae</span> <span class='ocrx_word' id='word_1_38' title='bbox 939 1443 984 1484; x_wconf 86' lang='lat' dir='ltr'>rea</span> <span class='ocrx_word' id='word_1_39' title='bbox 998 1433 1117 1504; x_wconf 73' lang='lat' dir='ltr'>apator.</span> <span class='ocrx_word' id='word_1_40' title='bbox 1140 1424 1237 1501; x_wconf 85' lang='lat' dir='ltr'>atque</span> <span class='ocrx_word' id='word_1_41' title='bbox 1253 1420 1299 1482; x_wconf 84' lang='lat' dir='ltr'>ita</span> <span class='ocrx_word' id='word_1_42' title='bbox 1314 1417 1421 1502; x_wconf 84' lang='lat' dir='ltr'>uulgo,</span> <span class='ocrx_word' id='word_1_43' title='bbox 1445 1417 1542 1482; x_wconf 87' lang='lat' dir='ltr'>etiam</span> <span class='ocrx_word' id='word_1_44' title='bbox 1558 1439 1578 1482; x_wconf 88' lang='lat' dir='ltr'>a</span> <span class='ocrx_word' id='word_1_45' title='bbox 1593 1417 1723 1482; x_wconf 83' lang='lat' dir='ltr'><strong>Baitero</strong></span> <span class='ocrx_word' id='word_1_46' title='bbox 1740 1425 1772 1482; x_wconf 86' lang='lat' dir='ltr'>et</span> <span class='ocrx_word' id='word_1_47' title='bbox 1787 1417 1929 1502; x_wconf 78' lang='lat' dir='ltr'>Kaysero</span> <span class='ocrx_word' id='word_1_48' title='bbox 1944 1439 2056 1502; x_wconf 85' lang='lat' dir='ltr'>nuper,</span> 
     </span>
     <span class='ocr_line' id='line_1_6' title="bbox 671 1535 2055 1620; baseline 0.001 -22"><span class='ocrx_word' id='word_1_49' title='bbox 671 1555 710 1599; x_wconf 88' lang='lat' dir='ltr'>aa</span> <span class='ocrx_word' id='word_1_50' title='bbox 734 1536 832 1601; x_wconf 92' lang='lat' dir='ltr'>uerba</span> <span class='ocrx_word' id='word_1_51' title='bbox 855 1537 944 1600; x_wconf 88' lang='lat' dir='ltr'>edita</span> <span class='ocrx_word' id='word_1_52' title='bbox 966 1543 1055 1601; x_wconf 89' lang='lat' dir='ltr'>sunt:</span> <span class='ocrx_word' id='word_1_53' title='bbox 1093 1555 1288 1620; x_wconf 87' lang='lat' dir='ltr'>quamquam</span> <span class='ocrx_word' id='word_1_54' title='bbox 1313 1537 1406 1601; x_wconf 84' lang='lat' dir='ltr'>facile</span> <span class='ocrx_word' id='word_1_55' title='bbox 1427 1536 1534 1601; x_wconf 89' lang='lat' dir='ltr'>doceri</span> <span class='ocrx_word' id='word_1_56' title='bbox 1557 1541 1664 1619; x_wconf 86' lang='lat' dir='ltr'>potest</span> <span class='ocrx_word' id='word_1_57' title='bbox 1687 1535 1769 1600; x_wconf 86' lang='lat' dir='ltr'>hanc</span> <span class='ocrx_word' id='word_1_58' title='bbox 1785 1556 1896 1600; x_wconf 82' lang='lat' dir='ltr'>ueram</span> <span class='ocrx_word' id='word_1_59' title='bbox 1918 1537 2055 1618; x_wconf 89' lang='lat' dir='ltr'>scriptu-</span> 
     </span>
     <span class='ocr_line' id='line_1_7' title="bbox 670 1653 2057 1738; baseline 0.003 -22"><span class='ocrx_word' id='word_1_60' title='bbox 670 1674 739 1717; x_wconf 86' lang='lat' dir='ltr'>ram</span> <span class='ocrx_word' id='word_1_61' title='bbox 769 1673 831 1717; x_wconf 91' lang='lat' dir='ltr'>non</span> <span class='ocrx_word' id='word_1_62' title='bbox 860 1675 941 1719; x_wconf 89' lang='lat' dir='ltr'>esse.</span> <span class='ocrx_word' id='word_1_63' title='bbox 989 1655 1071 1720; x_wconf 88' lang='lat' dir='ltr'>Nam</span> <span class='ocrx_word' id='word_1_64' title='bbox 1099 1655 1193 1720; x_wconf 88' lang='lat' dir='ltr'>etiam</span> <span class='ocrx_word' id='word_1_65' title='bbox 1223 1655 1250 1720; x_wconf 88' lang='lat' dir='ltr'>si</span> <span class='ocrx_word' id='word_1_66' title='bbox 1278 1655 1364 1720; x_wconf 87' lang='lat' dir='ltr'>nullo</span> <span class='ocrx_word' id='word_1_67' title='bbox 1394 1655 1521 1738; x_wconf 78' lang='lat' dir='ltr'>negotio</span> <span class='ocrx_word' id='word_1_68' title='bbox 1549 1653 1746 1736; x_wconf 83' lang='lat' dir='ltr'>intellegitur</span> <span class='ocrx_word' id='word_1_69' title='bbox 1767 1653 1868 1718; x_wconf 88' lang='lat' dir='ltr'>uerba</span> <span class='ocrx_word' id='word_1_70' title='bbox 1888 1659 1917 1719; x_wconf 81' lang='lat' dir='ltr'>si</span> <span class='ocrx_word' id='word_1_71' title='bbox 1939 1657 2057 1735; x_wconf 73' lang='lat' dir='ltr'>torrida</span> 
     </span>
     <span class='ocr_line' id='line_1_8' title="bbox 668 1769 2055 1856; baseline 0.001 -20"><span class='ocrx_word' id='word_1_72' title='bbox 668 1771 768 1852; x_wconf 72' lang='lat' dir='ltr'>serait</span> <span class='ocrx_word' id='word_1_73' title='bbox 790 1769 853 1856; x_wconf 85' lang='lat' dir='ltr'>quo</span> <span class='ocrx_word' id='word_1_74' title='bbox 875 1773 1058 1854; x_wconf 85' lang='lat' dir='ltr'>pertineant</span> <span class='ocrx_word' id='word_1_75' title='bbox 1079 1781 1110 1837; x_wconf 90' lang='lat' dir='ltr'>et</span> <span class='ocrx_word' id='word_1_76' title='bbox 1137 1773 1212 1856; x_wconf 87' lang='lat' dir='ltr'>quid</span> <span class='ocrx_word' id='word_1_77' title='bbox 1236 1773 1298 1838; x_wconf 91' lang='lat' dir='ltr'>sibi</span> <span class='ocrx_word' id='word_1_78' title='bbox 1321 1774 1420 1838; x_wconf 89' lang='lat' dir='ltr'>uelint</span> <span class='ocrx_word' id='word_1_79' title='bbox 1443 1811 1484 1819; x_wconf 95' lang='lat'><em>-</em></span> <span class='ocrx_word' id='word_1_80' title='bbox 1507 1772 1703 1854; x_wconf 89' lang='lat' dir='ltr'>praecedunt</span> <span class='ocrx_word' id='word_1_81' title='bbox 1731 1773 1814 1838; x_wconf 90' lang='lat' dir='ltr'>enim</span> <span class='ocrx_word' id='word_1_82' title='bbox 1837 1773 1917 1837; x_wconf 86' lang='lat' dir='ltr'>haec</span> <span class='ocrx_word' id='word_1_83' title='bbox 1939 1772 2055 1838; x_wconf 89' lang='lat' dir='ltr'>uerba:</span> 
     </span>
     <span class='ocr_line' id='line_1_9' title="bbox 678 1891 2058 1978; baseline 0.001 -25"><span class='ocrx_word' id='word_1_84' title='bbox 678 1891 753 1954; x_wconf 88' lang='lat' dir='ltr'>Tam</span> <span class='ocrx_word' id='word_1_85' title='bbox 768 1895 908 1965; x_wconf 72' lang='lat' dir='ltr'><em>restitues,</em></span> <span class='ocrx_word' id='word_1_86' title='bbox 928 1896 956 1955; x_wconf 85' lang='lat' dir='ltr'>si</span> <span class='ocrx_word' id='word_1_87' title='bbox 974 1905 1040 1956; x_wconf 83' lang='lat' dir='ltr'>tuus</span> <span class='ocrx_word' id='word_1_88' title='bbox 1059 1915 1106 1956; x_wconf 85' lang='lat' dir='ltr'>me</span> <span class='ocrx_word' id='word_1_89' title='bbox 1129 1895 1249 1956; x_wconf 77' lang='lat' dir='ltr'>libertus</span> <span class='ocrx_word' id='word_1_90' title='bbox 1269 1895 1400 1957; x_wconf 72' lang='lat' dir='ltr'>deiecerit</span> <span class='ocrx_word' id='word_1_91' title='bbox 1421 1893 1500 1956; x_wconf 82' lang='lat' dir='ltr'>aidli</span> <span class='ocrx_word' id='word_1_92' title='bbox 1514 1906 1562 1956; x_wconf 86' lang='lat' dir='ltr'>tuo</span> <span class='ocrx_word' id='word_1_93' title='bbox 1577 1895 1692 1974; x_wconf 82' lang='lat' dir='ltr'>aepotr&#39;o</span> <span class='ocrx_word' id='word_1_94' title='bbox 1702 1897 1902 1978; x_wconf 74' lang='lat' dir='ltr'>praepositus,</span> <span class='ocrx_word' id='word_1_95' title='bbox 1925 1893 2058 1976; x_wconf 82' lang='lat' dir='ltr'>quamsi</span> 
     </span>
     <span class='ocr_line' id='line_1_10' title="bbox 665 2008 2055 2095; baseline 0.003 -25"><span class='ocrx_word' id='word_1_96' title='bbox 665 2021 841 2094; x_wconf 82' lang='lat' dir='ltr'>procurator</span> <span class='ocrx_word' id='word_1_97' title='bbox 867 2012 998 2074; x_wconf 67' lang='lat' dir='ltr'>deseca-it</span> <span class='ocrx_word' id='word_1_98' title='bbox 1020 2016 1078 2073; x_wconf 88' lang='lat' dir='ltr'>etc.</span> <span class='ocrx_word' id='word_1_99' title='bbox 1105 2047 1162 2088; x_wconf 84' lang='lat'>-‚</span> <span class='ocrx_word' id='word_1_100' title='bbox 1192 2016 1300 2074; x_wconf 89' lang='lat' dir='ltr'>tamen</span> <span class='ocrx_word' id='word_1_101' title='bbox 1327 2009 1411 2074; x_wconf 89' lang='lat' dir='ltr'>hauc</span> <span class='ocrx_word' id='word_1_102' title='bbox 1434 2010 1643 2074; x_wconf 89' lang='lat' dir='ltr'>deiectionem</span> <span class='ocrx_word' id='word_1_103' title='bbox 1672 2008 1739 2073; x_wconf 84' lang='lat' dir='ltr'>solo</span> <span class='ocrx_word' id='word_1_104' title='bbox 1762 2011 1862 2073; x_wconf 92' lang='lat' dir='ltr'>uerbo</span> <span class='ocrx_word' id='word_1_105' title='bbox 1877 2012 1981 2095; x_wconf 82' lang='lat' dir='ltr'>farere</span> <span class='ocrx_word' id='word_1_106' title='bbox 2005 2009 2055 2074; x_wconf 90' lang='lat' dir='ltr'>hic</span> 
     </span>
     <span class='ocr_line' id='line_1_11' title="bbox 669 2107 2054 2210; baseline 0.002 -22"><span class='ocrx_word' id='word_1_107' title='bbox 669 2125 843 2208; x_wconf 86' lang='lat' dir='ltr'>significari</span> <span class='ocrx_word' id='word_1_108' title='bbox 865 2107 1008 2210; x_wconf 78' lang='lat' dir='ltr'>potuisse</span> <span class='ocrx_word' id='word_1_109' title='bbox 1038 2147 1128 2192; x_wconf 90' lang='lat' dir='ltr'>nemo</span> <span class='ocrx_word' id='word_1_110' title='bbox 1156 2128 1225 2192; x_wconf 90' lang='lat' dir='ltr'>iure</span> <span class='ocrx_word' id='word_1_111' title='bbox 1255 2128 1434 2193; x_wconf 85' lang='lat' dir='ltr'>contendet.</span> <span class='ocrx_word' id='word_1_112' title='bbox 1487 2131 1558 2208; x_wconf 84' lang='lat' dir='ltr'>Qua</span> <span class='ocrx_word' id='word_1_113' title='bbox 1588 2149 1623 2192; x_wconf 89' lang='lat' dir='ltr'>re</span> <span class='ocrx_word' id='word_1_114' title='bbox 1652 2125 1826 2191; x_wconf 84' lang='lat' dir='ltr'>Lambinus</span> <span class='ocrx_word' id='word_1_115' title='bbox 1855 2127 2054 2192; x_wconf 71' lang='lat' dir='ltr'>morellius</span> 
     </span>
     <span class='ocr_line' id='line_1_12' title="bbox 668 2245 2052 2328; baseline 0.001 -20"><span class='ocrx_word' id='word_1_116' title='bbox 668 2245 805 2325; x_wconf 83' lang='lat' dir='ltr'>permoti</span> <span class='ocrx_word' id='word_1_117' title='bbox 828 2266 897 2308; x_wconf 90' lang='lat' dir='ltr'>esse</span> <span class='ocrx_word' id='word_1_118' title='bbox 920 2245 1084 2323; x_wconf 90' lang='lat' dir='ltr'>uidentur,</span> <span class='ocrx_word' id='word_1_119' title='bbox 1114 2253 1150 2310; x_wconf 87' lang='lat' dir='ltr'>ut</span> <span class='ocrx_word' id='word_1_120' title='bbox 1171 2267 1230 2328; x_wconf 89' lang='lat' dir='ltr'>pro</span> <span class='ocrx_word' id='word_1_121' title='bbox 1251 2249 1350 2326; x_wconf 82' lang='lat' dir='ltr'>feeerit</span> <span class='ocrx_word' id='word_1_122' title='bbox 1372 2247 1549 2311; x_wconf 81' lang='lat' dir='ltr'>scriberent</span> <span class='ocrx_word' id='word_1_123' title='bbox 1575 2250 1720 2320; x_wconf 79' lang='lat' dir='ltr'>deiecerit,</span> <span class='ocrx_word' id='word_1_124' title='bbox 1750 2245 1835 2328; x_wconf 92' lang='lat' dir='ltr'>quod</span> <span class='ocrx_word' id='word_1_125' title='bbox 1858 2247 1889 2310; x_wconf 90' lang='lat' dir='ltr'>in</span> <span class='ocrx_word' id='word_1_126' title='bbox 1913 2245 2052 2310; x_wconf 83' lang='lat' dir='ltr'>editione</span> 
     </span>
     <span class='ocr_line' id='line_1_13' title="bbox 670 2347 2055 2446; baseline 0.004 -21"><span class='ocrx_word' id='word_1_127' title='bbox 670 2362 783 2428; x_wconf 82' lang='lat' dir='ltr'>Aldina</span> <span class='ocrx_word' id='word_1_128' title='bbox 805 2347 1003 2428; x_wconf 78' lang='lat' dir='ltr'>inuenerant.</span> <span class='ocrx_word' id='word_1_129' title='bbox 1047 2365 1110 2430; x_wconf 85' lang='lat' dir='ltr'>Sed</span> <span class='ocrx_word' id='word_1_130' title='bbox 1133 2365 1160 2428; x_wconf 89' lang='lat' dir='ltr'>si</span> <span class='ocrx_word' id='word_1_131' title='bbox 1187 2364 1369 2446; x_wconf 85' lang='lat' dir='ltr'>reponimus</span> <span class='ocrx_word' id='word_1_132' title='bbox 1397 2369 1543 2440; x_wconf 78' lang='lat' dir='ltr'>deiecerit,</span> <span class='ocrx_word' id='word_1_133' title='bbox 1572 2364 1755 2430; x_wconf 89' lang='lat' dir='ltr'>addendum</span> <span class='ocrx_word' id='word_1_134' title='bbox 1778 2365 1875 2428; x_wconf 89' lang='lat' dir='ltr'>etiam</span> <span class='ocrx_word' id='word_1_135' title='bbox 1898 2365 1960 2428; x_wconf 86' lang='lat' dir='ltr'>erit</span> <span class='ocrx_word' id='word_1_136' title='bbox 1982 2385 2055 2446; x_wconf 91' lang='lat' dir='ltr'>pro·</span> 
     </span>
     <span class='ocr_line' id='line_1_14' title="bbox 668 2481 2054 2566; baseline 0.01 -33"><span class='ocrx_word' id='word_1_137' title='bbox 668 2493 781 2536; x_wconf 90' lang='lat' dir='ltr'>nomen</span> <span class='ocrx_word' id='word_1_138' title='bbox 805 2503 860 2554; x_wconf 77' lang='lat' dir='ltr'>mr,</span> <span class='ocrx_word' id='word_1_139' title='bbox 882 2488 916 2544; x_wconf 89' lang='lat' dir='ltr'>ut</span> <span class='ocrx_word' id='word_1_140' title='bbox 940 2483 982 2546; x_wconf 84' lang='lat' dir='ltr'>sit</span> <span class='ocrx_word' id='word_1_141' title='bbox 1004 2487 1209 2550; x_wconf 81' lang='lat' dir='ltr'>medeieeerir.</span> <span class='ocrx_word' id='word_1_142' title='bbox 1247 2481 1366 2546; x_wconf 90' lang='lat' dir='ltr'>Uerum</span> <span class='ocrx_word' id='word_1_143' title='bbox 1389 2503 1485 2566; x_wconf 93' lang='lat' dir='ltr'>quum</span> <span class='ocrx_word' id='word_1_144' title='bbox 1512 2503 1615 2566; x_wconf 89' lang='lat' dir='ltr'>neque</span> <span class='ocrx_word' id='word_1_145' title='bbox 1644 2503 1817 2566; x_wconf 86' lang='lat' dir='ltr'>pronomen</span> <span class='ocrx_word' id='word_1_146' title='bbox 1840 2509 1887 2549; x_wconf 88' lang='lat' dir='ltr'>me</span> <span class='ocrx_word' id='word_1_147' title='bbox 1908 2483 1941 2546; x_wconf 90' lang='lat' dir='ltr'>in</span> <span class='ocrx_word' id='word_1_148' title='bbox 1963 2483 2054 2547; x_wconf 89' lang='lat' dir='ltr'>libris</span> 
     </span>
     <span class='ocr_line' id='line_1_15' title="bbox 669 2589 2055 2687; baseline 0.008 -34"><span class='ocrx_word' id='word_1_149' title='bbox 669 2589 825 2662; x_wconf 86' lang='lat' dir='ltr'>habeatur</span> <span class='ocrx_word' id='word_1_150' title='bbox 848 2607 881 2664; x_wconf 87' lang='lat' dir='ltr'>et</span> <span class='ocrx_word' id='word_1_151' title='bbox 900 2605 1009 2687; x_wconf 76' lang='lat' dir='ltr'>feeerit</span> <span class='ocrx_word' id='word_1_152' title='bbox 1030 2609 1142 2686; x_wconf 90' lang='lat' dir='ltr'>aperte</span> <span class='ocrx_word' id='word_1_153' title='bbox 1169 2623 1227 2684; x_wconf 89' lang='lat' dir='ltr'>pro</span> <span class='ocrx_word' id='word_1_154' title='bbox 1256 2605 1388 2668; x_wconf 78' lang='lat' dir='ltr'>deiecerit</span> <span class='ocrx_word' id='word_1_155' title='bbox 1415 2602 1556 2684; x_wconf 84' lang='lat' dir='ltr'>legatur,</span> <span class='ocrx_word' id='word_1_156' title='bbox 1586 2603 1723 2671; x_wconf 86' lang='lat' dir='ltr'>fortasse</span> <span class='ocrx_word' id='word_1_157' title='bbox 1752 2603 1848 2666; x_wconf 86' lang='lat' dir='ltr'>etiam</span> <span class='ocrx_word' id='word_1_158' title='bbox 1871 2603 1932 2666; x_wconf 92' lang='lat' dir='ltr'>hoc</span> <span class='ocrx_word' id='word_1_159' title='bbox 1955 2601 2055 2666; x_wconf 88' lang='lat' dir='ltr'>statui</span> 
     </span>
     <span class='ocr_line' id='line_1_16' title="bbox 667 2719 2054 2816; baseline 0.007 -42"><span class='ocrx_word' id='word_1_160' title='bbox 667 2719 786 2794; x_wconf 85' lang='lat' dir='ltr'>potest,</span> <span class='ocrx_word' id='word_1_161' title='bbox 811 2719 997 2785; x_wconf 81' lang='lat' dir='ltr'>Ciceronem</span> <span class='ocrx_word' id='word_1_162' title='bbox 1020 2721 1107 2784; x_wconf 88' lang='lat' dir='ltr'>aliud</span> <span class='ocrx_word' id='word_1_163' title='bbox 1130 2723 1296 2803; x_wconf 80' lang='lat' dir='ltr'>scripsisse</span> <span class='ocrx_word' id='word_1_164' title='bbox 1321 2722 1461 2796; x_wconf 89' lang='lat' dir='ltr'>omnino,</span> <span class='ocrx_word' id='word_1_165' title='bbox 1487 2719 1586 2816; x_wconf 82' lang='lat' dir='ltr'>ueluti</span> <span class='ocrx_word' id='word_1_166' title='bbox 1609 2725 1743 2804; x_wconf 78' lang='lat' dir='ltr'>quamsi</span> <span class='ocrx_word' id='word_1_167' title='bbox 1756 2723 1879 2802; x_wconf 37' lang='lat' dir='ltr'>‚tamdia</span> <span class='ocrx_word' id='word_1_168' title='bbox 1893 2724 1975 2785; x_wconf 81' lang='lat' dir='ltr'>diam</span> <span class='ocrx_word' id='word_1_169' title='bbox 1992 2725 2054 2786; x_wconf 83' lang='lat' dir='ltr'>rim</span> 
     </span>
    </p>
   </div>
   <div class='ocr_carea' id='block_1_3' title="bbox 662 2831 2151 2923">
    <p class='ocr_par' dir='ltr' id='par_1_3' title="bbox 662 2831 2151 2923">
     <span class='ocr_line' id='line_1_17' title="bbox 662 2831 2151 2923; baseline 0.006 -27"><span class='ocrx_word' id='word_1_170' title='bbox 662 2831 766 2915; x_wconf 78' lang='lat' dir='ltr'>feeerit</span> <span class='ocrx_word' id='word_1_171' title='bbox 786 2841 940 2911; x_wconf 80' lang='lat' dir='ltr'>uniuerso,</span> <span class='ocrx_word' id='word_1_172' title='bbox 966 2840 995 2901; x_wconf 91' lang='lat' dir='ltr'>si</span> <span class='ocrx_word' id='word_1_173' title='bbox 1018 2840 1164 2902; x_wconf 82' lang='lat' dir='ltr'>conseras</span> <span class='ocrx_word' id='word_1_174' title='bbox 1187 2859 1269 2920; x_wconf 87' lang='lat' dir='ltr'>quae</span> <span class='ocrx_word' id='word_1_175' title='bbox 1293 2859 1390 2919; x_wconf 84' lang='lat' dir='ltr'>supra</span> <span class='ocrx_word' id='word_1_176' title='bbox 1413 2841 1438 2920; x_wconf 59' lang='grc' dir='ltr'>ᾗ.</span> <span class='ocrx_word' id='word_1_177' title='bbox 1465 2845 1514 2901; x_wconf 77' lang='grc'>57.</span> <span class='ocrx_word' id='word_1_178' title='bbox 1536 2838 1700 2920; x_wconf 81' lang='lat' dir='ltr'>leguntur:</span> <span class='ocrx_word' id='word_1_179' title='bbox 1734 2843 1787 2923; x_wconf 81' lang='lat' dir='ltr'>qui</span> <span class='ocrx_word' id='word_1_180' title='bbox 1810 2840 1893 2903; x_wconf 73' lang='lat' dir='ltr'>idam</span> <span class='ocrx_word' id='word_1_181' title='bbox 1920 2843 1982 2904; x_wconf 81' lang='lat' dir='ltr'>aim</span> <span class='ocrx_word' id='word_1_182' title='bbox 2008 2843 2055 2905; x_wconf 86' lang='lat' dir='ltr'>de·</span> <span class='ocrx_word' id='word_1_183' title='bbox 2148 2863 2151 2872; x_wconf 91' lang='lat'><strong>·</strong></span> 
     </span>
    </p>
   </div>
   <div class='ocr_carea' id='block_1_4' title="bbox 612 2952 2056 3634">
    <p class='ocr_par' dir='ltr' id='par_1_4' title="bbox 655 2952 2054 3156">
     <span class='ocr_line' id='line_1_18' title="bbox 667 2952 2054 3041; baseline 0.006 -28"><span class='ocrx_word' id='word_1_184' title='bbox 667 2952 873 3040; x_wconf 77' lang='lat' dir='ltr'>iectiourmque</span> <span class='ocrx_word' id='word_1_185' title='bbox 893 2969 941 3018; x_wconf 80' lang='lat' dir='ltr'>rao</span> <span class='ocrx_word' id='word_1_186' title='bbox 961 2970 1065 3040; x_wconf 73' lang='lat' dir='ltr'>rapam</span> <span class='ocrx_word' id='word_1_187' title='bbox 1081 2969 1135 3020; x_wconf 78' lang='lat' dir='ltr'>aar</span> <span class='ocrx_word' id='word_1_188' title='bbox 1156 2969 1204 3019; x_wconf 83' lang='lat' dir='ltr'>tuo</span> <span class='ocrx_word' id='word_1_189' title='bbox 1225 2961 1340 3020; x_wconf 78' lang='lat' dir='ltr'>nomine</span> <span class='ocrx_word' id='word_1_190' title='bbox 1355 2959 1473 3041; x_wconf 79' lang='lat' dir='ltr'>fecerit.</span> <span class='ocrx_word' id='word_1_191' title='bbox 1513 2953 1575 3018; x_wconf 89' lang='lat' dir='ltr'>Sed</span> <span class='ocrx_word' id='word_1_192' title='bbox 1597 2959 1628 3018; x_wconf 91' lang='lat' dir='ltr'>iu</span> <span class='ocrx_word' id='word_1_193' title='bbox 1651 2957 1720 3020; x_wconf 91' lang='lat' dir='ltr'>eius</span> <span class='ocrx_word' id='word_1_194' title='bbox 1744 2957 1829 3020; x_wconf 92' lang='lat' dir='ltr'>modi</span> <span class='ocrx_word' id='word_1_195' title='bbox 1852 2978 1951 3022; x_wconf 87' lang='lat' dir='ltr'>eausa</span> <span class='ocrx_word' id='word_1_196' title='bbox 1973 2957 2054 3022; x_wconf 87' lang='lat' dir='ltr'>disfi-</span> 
     </span>
     <span class='ocr_line' id='line_1_19' title="bbox 655 3067 1392 3156; baseline 0.011 -27"><span class='ocrx_word' id='word_1_197' title='bbox 655 3067 728 3131; x_wconf 88' lang='lat' dir='ltr'>·cile</span> <span class='ocrx_word' id='word_1_198' title='bbox 751 3075 801 3134; x_wconf 90' lang='lat' dir='ltr'>est</span> <span class='ocrx_word' id='word_1_199' title='bbox 823 3073 995 3154; x_wconf 84' lang='lat' dir='ltr'>quidquam</span> <span class='ocrx_word' id='word_1_200' title='bbox 1018 3096 1077 3156; x_wconf 89' lang='lat' dir='ltr'>pro</span> <span class='ocrx_word' id='word_1_201' title='bbox 1100 3081 1188 3138; x_wconf 89' lang='lat' dir='ltr'>certo</span> <span class='ocrx_word' id='word_1_202' title='bbox 1211 3075 1392 3138; x_wconf 89' lang='lat' dir='ltr'>adfirmare.</span> 
     </span>
    </p>

    <p class='ocr_par' dir='ltr' id='par_1_5' title="bbox 612 3187 2056 3634">
     <span class='ocr_line' id='line_1_20' title="bbox 754 3187 2055 3282; baseline 0.006 -31"><span class='ocrx_word' id='word_1_203' title='bbox 754 3187 787 3252; x_wconf 81' lang='lat' dir='ltr'>C.</span> <span class='ocrx_word' id='word_1_204' title='bbox 805 3189 887 3253; x_wconf 85' lang='lat' dir='ltr'><strong>XXI.</strong></span> <span class='ocrx_word' id='word_1_205' title='bbox 912 3196 941 3270; x_wconf 61' lang='grc' dir='ltr'>ξ.</span> <span class='ocrx_word' id='word_1_206' title='bbox 964 3197 1012 3255; x_wconf 83' lang='grc'>61.</span> <span class='ocrx_word' id='word_1_207' title='bbox 1038 3193 1070 3256; x_wconf 89' lang='lat' dir='ltr'>in</span> <span class='ocrx_word' id='word_1_208' title='bbox 1092 3193 1213 3257; x_wconf 85' lang='lat' dir='ltr'>uerbis:</span> <span class='ocrx_word' id='word_1_209' title='bbox 1247 3195 1320 3258; x_wconf 82' lang='lat' dir='ltr'>Noa</span> <span class='ocrx_word' id='word_1_210' title='bbox 1343 3200 1421 3258; x_wconf 86' lang='lat' dir='ltr'>enim</span> <span class='ocrx_word' id='word_1_211' title='bbox 1440 3197 1569 3280; x_wconf 83' lang='lat' dir='ltr'>reperies</span> <span class='ocrx_word' id='word_1_212' title='bbox 1593 3218 1772 3282; x_wconf 73' lang='lat' dir='ltr'>qurenrpuam</span> <span class='ocrx_word' id='word_1_213' title='bbox 1793 3195 1920 3259; x_wconf 83' lang='lat' dir='ltr'>iadicem</span> <span class='ocrx_word' id='word_1_214' title='bbox 1939 3208 1990 3258; x_wconf 78' lang='lat' dir='ltr'>aut</span> <span class='ocrx_word' id='word_1_215' title='bbox 2011 3220 2055 3261; x_wconf 91' lang='lat' dir='ltr'>re·</span> 
     </span>
     <span class='ocr_line' id='line_1_21' title="bbox 656 3315 2053 3402; baseline 0.007 -34"><span class='ocrx_word' id='word_1_216' title='bbox 656 3321 884 3402; x_wconf 42' lang='lat' dir='ltr'>&#39;cuperatorem</span> <span class='ocrx_word' id='word_1_217' title='bbox 907 3315 959 3396; x_wconf 86' lang='lat' dir='ltr'>qui</span> <span class='ocrx_word' id='word_1_218' title='bbox 976 3324 1127 3398; x_wconf 83' lang='lat' dir='ltr'>tamquam</span> <span class='ocrx_word' id='word_1_219' title='bbox 1149 3316 1278 3376; x_wconf 80' lang='lat' dir='ltr'>siarma</span> <span class='ocrx_word' id='word_1_220' title='bbox 1296 3316 1396 3377; x_wconf 76' lang='lat' dir='ltr'>militis</span> <span class='ocrx_word' id='word_1_221' title='bbox 1417 3316 1601 3398; x_wconf 67' lang='lat' dir='ltr'>inspiciunda</span> <span class='ocrx_word' id='word_1_222' title='bbox 1621 3317 1693 3387; x_wconf 80' lang='lat' dir='ltr'>aiat,</span> <span class='ocrx_word' id='word_1_223' title='bbox 1715 3317 1755 3377; x_wconf 83' lang='lat' dir='ltr'>ita</span> <span class='ocrx_word' id='word_1_224' title='bbox 1769 3315 1878 3398; x_wconf 81' lang='lat' dir='ltr'>prodet</span> <span class='ocrx_word' id='word_1_225' title='bbox 1895 3327 2053 3392; x_wconf 81' lang='lat' dir='ltr'>armatam,</span> 
     </span>
     <span class='ocr_line' id='line_1_22' title="bbox 612 3430 2056 3518; baseline 0.006 -30"><span class='ocrx_word' id='word_1_226' title='bbox 612 3444 623 3460; x_wconf 77' lang='grc'><em>·</em></span> <span class='ocrx_word' id='word_1_227' title='bbox 666 3430 718 3490; x_wconf 78' lang='lat' dir='ltr'>red</span> <span class='ocrx_word' id='word_1_228' title='bbox 734 3431 860 3510; x_wconf 81' lang='lat' dir='ltr'>perinde</span> <span class='ocrx_word' id='word_1_229' title='bbox 880 3431 985 3494; x_wconf 81' lang='lat' dir='ltr'>ualedd</span> <span class='ocrx_word' id='word_1_230' title='bbox 1005 3435 1092 3516; x_wconf 59' lang='lat' dir='ltr'>quiesi</span> <span class='ocrx_word' id='word_1_231' title='bbox 1111 3434 1311 3514; x_wconf 79' lang='lat' dir='ltr'>amnalissami</span> <span class='ocrx_word' id='word_1_232' title='bbox 1321 3433 1455 3518; x_wconf 62' lang='lat' dir='ltr'>puerine,</span> <span class='ocrx_word' id='word_1_233' title='bbox 1477 3435 1504 3494; x_wconf 83' lang='lat' dir='ltr'>si</span> <span class='ocrx_word' id='word_1_234' title='bbox 1517 3436 1700 3516; x_wconf 70' lang='lat' dir='ltr'>reperientur</span> <span class='ocrx_word' id='word_1_235' title='bbox 1719 3434 1880 3516; x_wconf 78' lang='lat' dir='ltr'>imparati</span> <span class='ocrx_word' id='word_1_236' title='bbox 1894 3432 2002 3515; x_wconf 65' lang='lat' dir='ltr'>samse,</span> <span class='ocrx_word' id='word_1_237' title='bbox 2024 3443 2056 3496; x_wconf 81' lang='lat' dir='ltr'>ut</span> 
     </span>
     <span class='ocr_line' id='line_1_23' title="bbox 666 3547 2054 3634; baseline 0.004 -27"><span class='ocrx_word' id='word_1_238' title='bbox 666 3549 729 3608; x_wconf 76' lang='lat' dir='ltr'>uim</span> <span class='ocrx_word' id='word_1_239' title='bbox 744 3550 825 3610; x_wconf 79' lang='lat' dir='ltr'>uitae</span> <span class='ocrx_word' id='word_1_240' title='bbox 841 3559 893 3610; x_wconf 81' lang='lat' dir='ltr'>art</span> <span class='ocrx_word' id='word_1_241' title='bbox 907 3552 1024 3634; x_wconf 79' lang='lat' dir='ltr'>corpori</span> <span class='ocrx_word' id='word_1_242' title='bbox 1037 3553 1184 3634; x_wconf 79' lang='lat' dir='ltr'>potuerim</span> <span class='ocrx_word' id='word_1_243' title='bbox 1203 3549 1332 3634; x_wconf 81' lang='lat' dir='ltr'>adferre,</span> <span class='ocrx_word' id='word_1_244' title='bbox 1354 3569 1416 3612; x_wconf 92' lang='lat' dir='ltr'>non</span> <span class='ocrx_word' id='word_1_245' title='bbox 1433 3547 1545 3612; x_wconf 92' lang='lat' dir='ltr'>dubito</span> <span class='ocrx_word' id='word_1_246' title='bbox 1568 3551 1644 3632; x_wconf 91' lang='lat' dir='ltr'>quin</span> <span class='ocrx_word' id='word_1_247' title='bbox 1661 3571 1677 3614; x_wconf 90' lang='lat' dir='ltr'>e</span> <span class='ocrx_word' id='word_1_248' title='bbox 1694 3547 1801 3612; x_wconf 89' lang='lat' dir='ltr'>codiee</span> <span class='ocrx_word' id='word_1_249' title='bbox 1825 3549 2054 3630; x_wconf 83' lang='lat' dir='ltr'>Tegeruseeusi</span> 
     </span>
    </p>
   </div>
   <div class='ocr_carea' id='block_1_5' title="bbox 666 3663 2052 3766">
    <p class='ocr_par' dir='ltr' id='par_1_6' title="bbox 666 3663 2052 3766">
     <span class='ocr_line' id='line_1_24' title="bbox 666 3663 2052 3766; baseline 0.004 -40"><span class='ocrx_word' id='word_1_250' title='bbox 666 3663 882 3766; x_wconf 74' lang='lat' dir='ltr'>recipiendum</span> <span class='ocrx_word' id='word_1_251' title='bbox 911 3664 1008 3730; x_wconf 85' lang='lat' dir='ltr'>suerit</span> <span class='ocrx_word' id='word_1_252' title='bbox 1030 3671 1162 3754; x_wconf 82' lang='lat' dir='ltr'>proinde</span> <span class='ocrx_word' id='word_1_253' title='bbox 1187 3688 1244 3751; x_wconf 90' lang='lat' dir='ltr'>pro</span> <span class='ocrx_word' id='word_1_254' title='bbox 1269 3671 1401 3754; x_wconf 78' lang='lat' dir='ltr'>perinde.</span> <span class='ocrx_word' id='word_1_255' title='bbox 1445 3667 1547 3744; x_wconf 74' lang='lat' dir='ltr'>Quam</span> <span class='ocrx_word' id='word_1_256' title='bbox 1574 3669 1765 3750; x_wconf 83' lang='lat' dir='ltr'>scripturam</span> <span class='ocrx_word' id='word_1_257' title='bbox 1788 3667 1851 3732; x_wconf 83' lang='lat' dir='ltr'>iam</span> <span class='ocrx_word' id='word_1_258' title='bbox 1879 3667 2052 3732; x_wconf 86' lang='lat' dir='ltr'>Lambinus</span> 
     </span>
    </p>
   </div>
   <div class='ocr_carea' id='block_1_6' title="bbox 664 3783 2081 4826">
    <p class='ocr_par' dir='ltr' id='par_1_7' title="bbox 668 3783 1314 3868">
     <span class='ocr_line' id='line_1_25' title="bbox 668 3783 1314 3868; baseline 0.012 -25"><span class='ocrx_word' id='word_1_259' title='bbox 668 3783 775 3846; x_wconf 82' lang='lat' dir='ltr'>neseio</span> <span class='ocrx_word' id='word_1_260' title='bbox 800 3805 863 3868; x_wconf 82' lang='lat' dir='ltr'>qua</span> <span class='ocrx_word' id='word_1_261' title='bbox 888 3787 1082 3849; x_wconf 83' lang='lat' dir='ltr'>auctoritate</span> <span class='ocrx_word' id='word_1_262' title='bbox 1104 3793 1233 3851; x_wconf 88' lang='lat' dir='ltr'>secutus</span> <span class='ocrx_word' id='word_1_263' title='bbox 1256 3793 1314 3851; x_wconf 90' lang='lat' dir='ltr'>est.</span> 
     </span>
    </p>

    <p class='ocr_par' dir='ltr' id='par_1_8' title="bbox 664 3902 2081 4826">
     <span class='ocr_line' id='line_1_26' title="bbox 751 3902 2053 3990; baseline 0.002 -23"><span class='ocrx_word' id='word_1_264' title='bbox 751 3902 784 3967; x_wconf 83' lang='lat'>0.</span> <span class='ocrx_word' id='word_1_265' title='bbox 802 3903 909 3968; x_wconf 84' lang='lat' dir='ltr'>XXII.</span> <span class='ocrx_word' id='word_1_266' title='bbox 934 3907 960 3988; x_wconf 64' lang='grc' dir='ltr'>ἕ.</span> <span class='ocrx_word' id='word_1_267' title='bbox 977 3909 1028 3970; x_wconf 83' lang='lat'>62.</span> <span class='ocrx_word' id='word_1_268' title='bbox 1053 3903 1202 3987; x_wconf 83' lang='lat' dir='ltr'>leguntur</span> <span class='ocrx_word' id='word_1_269' title='bbox 1225 3907 1256 3968; x_wconf 88' lang='lat' dir='ltr'>in</span> <span class='ocrx_word' id='word_1_270' title='bbox 1279 3905 1370 3970; x_wconf 90' lang='lat' dir='ltr'>libris</span> <span class='ocrx_word' id='word_1_271' title='bbox 1393 3905 1472 3969; x_wconf 90' lang='lat' dir='ltr'>haec</span> <span class='ocrx_word' id='word_1_272' title='bbox 1495 3907 1607 3970; x_wconf 89' lang='lat' dir='ltr'>uerba:</span> <span class='ocrx_word' id='word_1_273' title='bbox 1632 3905 1718 3968; x_wconf 91' lang='lat' dir='ltr'>Nam</span> <span class='ocrx_word' id='word_1_274' title='bbox 1733 3919 1794 3970; x_wconf 80' lang='lat' dir='ltr'>tam</span> <span class='ocrx_word' id='word_1_275' title='bbox 1812 3907 1931 3990; x_wconf 75' lang='lat' dir='ltr'>quidem</span> <span class='ocrx_word' id='word_1_276' title='bbox 1952 3929 2053 3970; x_wconf 80' lang='lat' dir='ltr'>mures</span> 
     </span>
     <span class='ocr_line' id='line_1_27' title="bbox 664 4024 2056 4109; baseline 0 -23"><span class='ocrx_word' id='word_1_277' title='bbox 664 4025 800 4088; x_wconf 81' lang='lat' dir='ltr'>mortales</span> <span class='ocrx_word' id='word_1_278' title='bbox 817 4024 967 4107; x_wconf 79' lang='lat' dir='ltr'>inplorare</span> <span class='ocrx_word' id='word_1_279' title='bbox 977 4048 1089 4108; x_wconf 85' lang='lat' dir='ltr'>posses,</span> <span class='ocrx_word' id='word_1_280' title='bbox 1104 4025 1184 4108; x_wconf 83' lang='lat' dir='ltr'>qaod</span> <span class='ocrx_word' id='word_1_281' title='bbox 1200 4026 1331 4088; x_wconf 69' lang='lat' dir='ltr'>derainer</span> <span class='ocrx_word' id='word_1_282' title='bbox 1346 4028 1377 4086; x_wconf 84' lang='lat' dir='ltr'>in</span> <span class='ocrx_word' id='word_1_283' title='bbox 1395 4036 1445 4088; x_wconf 79' lang='lat' dir='ltr'>tuo</span> <span class='ocrx_word' id='word_1_284' title='bbox 1461 4027 1576 4109; x_wconf 78' lang='lat' dir='ltr'>repotia</span> <span class='ocrx_word' id='word_1_285' title='bbox 1592 4024 1700 4088; x_wconf 78' lang='lat' dir='ltr'>Latiae</span> <span class='ocrx_word' id='word_1_286' title='bbox 1715 4026 1957 4098; x_wconf 60' lang='lat' dir='ltr'>retinerer-emur,</span> <span class='ocrx_word' id='word_1_287' title='bbox 1974 4026 2056 4108; x_wconf 85' lang='lat' dir='ltr'>quod</span> 
     </span>
     <span class='ocr_line' id='line_1_28' title="bbox 664 4143 2053 4228; baseline 0 -22"><span class='ocrx_word' id='word_1_288' title='bbox 664 4145 773 4206; x_wconf 81' lang='lat' dir='ltr'>inermi</span> <span class='ocrx_word' id='word_1_289' title='bbox 787 4145 896 4206; x_wconf 82' lang='lat' dir='ltr'>armati</span> <span class='ocrx_word' id='word_1_290' title='bbox 911 4143 1123 4216; x_wconf 77' lang='lat' dir='ltr'>iudicarentur,</span> <span class='ocrx_word' id='word_1_291' title='bbox 1147 4145 1234 4228; x_wconf 84' lang='lat' dir='ltr'>quod,</span> <span class='ocrx_word' id='word_1_292' title='bbox 1258 4167 1351 4228; x_wconf 85' lang='lat' dir='ltr'>qaam</span> <span class='ocrx_word' id='word_1_293' title='bbox 1369 4145 1553 4208; x_wconf 77' lang='lat' dir='ltr'>interdictum</span> <span class='ocrx_word' id='word_1_294' title='bbox 1572 4156 1644 4208; x_wconf 75' lang='lat' dir='ltr'>earet</span> <span class='ocrx_word' id='word_1_295' title='bbox 1664 4145 1699 4206; x_wconf 89' lang='lat' dir='ltr'>de</span> <span class='ocrx_word' id='word_1_296' title='bbox 1717 4143 1871 4228; x_wconf 80' lang='lat' dir='ltr'>pluribus,</span> <span class='ocrx_word' id='word_1_297' title='bbox 1895 4147 2053 4208; x_wconf 79' lang='lat' dir='ltr'>commissa</span> 
     </span>
     <span class='ocr_line' id='line_1_29' title="bbox 665 4260 2053 4348; baseline 0.001 -26"><span class='ocrx_word' id='word_1_298' title='bbox 665 4285 711 4323; x_wconf 65' lang='lat' dir='ltr'>res</span> <span class='ocrx_word' id='word_1_299' title='bbox 727 4263 849 4326; x_wconf 72' lang='lat' dir='ltr'>essetab</span> <span class='ocrx_word' id='word_1_300' title='bbox 864 4285 930 4335; x_wconf 83' lang='lat' dir='ltr'>aaa,</span> <span class='ocrx_word' id='word_1_301' title='bbox 953 4287 1028 4326; x_wconf 80' lang='lat' dir='ltr'>arras</span> <span class='ocrx_word' id='word_1_302' title='bbox 1041 4262 1127 4326; x_wconf 79' lang='lat' dir='ltr'>domo</span> <span class='ocrx_word' id='word_1_303' title='bbox 1146 4265 1248 4348; x_wconf 79' lang='lat' dir='ltr'>plures</span> <span class='ocrx_word' id='word_1_304' title='bbox 1269 4286 1328 4327; x_wconf 80' lang='lat' dir='ltr'>esse</span> <span class='ocrx_word' id='word_1_305' title='bbox 1341 4265 1475 4326; x_wconf 79' lang='lat' dir='ltr'>doru&#39;nrs</span> <span class='ocrx_word' id='word_1_306' title='bbox 1494 4263 1704 4326; x_wconf 78' lang='lat' dir='ltr'>iudicarentur.</span> <span class='ocrx_word' id='word_1_307' title='bbox 1744 4260 1780 4324; x_wconf 89' lang='lat' dir='ltr'>In</span> <span class='ocrx_word' id='word_1_308' title='bbox 1803 4261 1852 4326; x_wconf 89' lang='lat' dir='ltr'>his</span> <span class='ocrx_word' id='word_1_309' title='bbox 1875 4261 1982 4326; x_wconf 87' lang='lat' dir='ltr'>uerbis</span> <span class='ocrx_word' id='word_1_310' title='bbox 2006 4260 2053 4324; x_wconf 78' lang='lat' dir='ltr'>of-</span> 
     </span>
     <span class='ocr_line' id='line_1_30' title="bbox 665 4377 2052 4467; baseline 0.002 -28"><span class='ocrx_word' id='word_1_311' title='bbox 665 4379 765 4442; x_wconf 81' lang='lat' dir='ltr'>fendit</span> <span class='ocrx_word' id='word_1_312' title='bbox 789 4377 966 4463; x_wconf 86' lang='lat' dir='ltr'>Kayserum</span> <span class='ocrx_word' id='word_1_313' title='bbox 989 4403 1065 4446; x_wconf 85' lang='lat' dir='ltr'>uox:</span> <span class='ocrx_word' id='word_1_314' title='bbox 1095 4385 1175 4467; x_wconf 80' lang='lat' dir='ltr'>quod</span> <span class='ocrx_word' id='word_1_315' title='bbox 1192 4386 1298 4446; x_wconf 84' lang='lat' dir='ltr'>inermi</span> <span class='ocrx_word' id='word_1_316' title='bbox 1317 4385 1426 4446; x_wconf 81' lang='lat' dir='ltr'>ararad</span> <span class='ocrx_word' id='word_1_317' title='bbox 1446 4384 1656 4454; x_wconf 76' lang='lat' dir='ltr'>iudicarentur,</span> <span class='ocrx_word' id='word_1_318' title='bbox 1688 4400 1821 4462; x_wconf 84' lang='lat' dir='ltr'>eamque</span> <span class='ocrx_word' id='word_1_319' title='bbox 1844 4400 1954 4443; x_wconf 90' lang='lat' dir='ltr'>uocem</span> <span class='ocrx_word' id='word_1_320' title='bbox 1979 4401 2052 4462; x_wconf 79' lang='lat' dir='ltr'>sup</span> 
     </span>
     <span class='ocr_line' id='line_1_31' title="bbox 665 4498 2053 4580; baseline 0.002 -21"><span class='ocrx_word' id='word_1_321' title='bbox 665 4498 843 4578; x_wconf 87' lang='lat' dir='ltr'>positieiam</span> <span class='ocrx_word' id='word_1_322' title='bbox 871 4500 931 4564; x_wconf 90' lang='lat' dir='ltr'>sibi</span> <span class='ocrx_word' id='word_1_323' title='bbox 953 4501 1055 4566; x_wconf 89' lang='lat' dir='ltr'>uideri</span> <span class='ocrx_word' id='word_1_324' title='bbox 1078 4499 1196 4564; x_wconf 88' lang='lat' dir='ltr'>additis</span> <span class='ocrx_word' id='word_1_325' title='bbox 1224 4501 1313 4564; x_wconf 90' lang='lat' dir='ltr'>uncis</span> <span class='ocrx_word' id='word_1_326' title='bbox 1344 4499 1505 4564; x_wconf 85' lang='lat' dir='ltr'>indicauit.</span> <span class='ocrx_word' id='word_1_327' title='bbox 1552 4501 1596 4562; x_wconf 79' lang='lat' dir='ltr'>Ac</span> <span class='ocrx_word' id='word_1_328' title='bbox 1619 4519 1710 4574; x_wconf 80' lang='lat' dir='ltr'>sane,</span> <span class='ocrx_word' id='word_1_329' title='bbox 1741 4520 1838 4580; x_wconf 92' lang='lat' dir='ltr'>quum</span> <span class='ocrx_word' id='word_1_330' title='bbox 1861 4519 1899 4562; x_wconf 86' lang='lat' dir='ltr'>ea</span> <span class='ocrx_word' id='word_1_331' title='bbox 1921 4499 2053 4580; x_wconf 86' lang='lat' dir='ltr'>respici-</span> 
     </span>
     <span class='ocr_line' id='line_1_32' title="bbox 666 4591 2081 4705; baseline 0.002 -26"><span class='ocrx_word' id='word_1_332' title='bbox 666 4638 745 4696; x_wconf 85' lang='lat' dir='ltr'>mus,</span> <span class='ocrx_word' id='word_1_333' title='bbox 772 4637 853 4698; x_wconf 87' lang='lat' dir='ltr'>quae</span> <span class='ocrx_word' id='word_1_334' title='bbox 877 4619 983 4702; x_wconf 90' lang='lat' dir='ltr'>paullo</span> <span class='ocrx_word' id='word_1_335' title='bbox 1006 4627 1082 4684; x_wconf 90' lang='lat' dir='ltr'>aute</span> <span class='ocrx_word' id='word_1_336' title='bbox 1104 4618 1269 4701; x_wconf 85' lang='lat' dir='ltr'>leguntur:</span> <span class='ocrx_word' id='word_1_337' title='bbox 1293 4611 1388 4705; x_wconf 68' lang='lat' dir='ltr'>Atque</span> <span class='ocrx_word' id='word_1_338' title='bbox 1411 4591 1556 4704; x_wconf 73' lang='lat' dir='ltr'>atrapis</span> <span class='ocrx_word' id='word_1_339' title='bbox 1583 4621 1727 4701; x_wconf 80' lang='lat' dir='ltr'>r&#39;atdlepas</span> <span class='ocrx_word' id='word_1_340' title='bbox 1748 4642 1838 4702; x_wconf 83' lang='lat' dir='ltr'>quam</span> <span class='ocrx_word' id='word_1_341' title='bbox 1862 4621 1954 4682; x_wconf 77' lang='lat' dir='ltr'>cerda</span> <span class='ocrx_word' id='word_1_342' title='bbox 1981 4619 2081 4682; x_wconf 70' lang='lat' dir='ltr'>nituit·</span> 
     </span>
     <span class='ocr_line' id='line_1_33' title="bbox 664 4739 2054 4826; baseline -0.003 -22"><span class='ocrx_word' id='word_1_343' title='bbox 664 4741 793 4816; x_wconf 81' lang='lat' dir='ltr'>aaleant,</span> <span class='ocrx_word' id='word_1_344' title='bbox 805 4744 832 4804; x_wconf 80' lang='lat' dir='ltr'>ei</span> <span class='ocrx_word' id='word_1_345' title='bbox 844 4753 874 4804; x_wconf 83' lang='lat' dir='ltr'>tu</span> <span class='ocrx_word' id='word_1_346' title='bbox 889 4743 967 4804; x_wconf 76' lang='lat' dir='ltr'>solus</span> <span class='ocrx_word' id='word_1_347' title='bbox 984 4753 1038 4804; x_wconf 85' lang='lat' dir='ltr'>aut</span> <span class='ocrx_word' id='word_1_348' title='bbox 1051 4743 1149 4824; x_wconf 83' lang='lat' dir='ltr'>quiuis</span> <span class='ocrx_word' id='word_1_349' title='bbox 1162 4763 1238 4804; x_wconf 84' lang='lat' dir='ltr'>unus</span> <span class='ocrx_word' id='word_1_350' title='bbox 1254 4763 1319 4802; x_wconf 84' lang='lat' dir='ltr'>eum</span> <span class='ocrx_word' id='word_1_351' title='bbox 1336 4750 1420 4810; x_wconf 79' lang='lat' dir='ltr'>scuto</span> <span class='ocrx_word' id='word_1_352' title='bbox 1436 4752 1461 4802; x_wconf 80' lang='lat' dir='ltr'>rt</span> <span class='ocrx_word' id='word_1_353' title='bbox 1469 4741 1570 4823; x_wconf 79' lang='lat' dir='ltr'>plodio</span> <span class='ocrx_word' id='word_1_354' title='bbox 1585 4743 1714 4826; x_wconf 78' lang='lat' dir='ltr'>inpetum</span> <span class='ocrx_word' id='word_1_355' title='bbox 1729 4741 1760 4800; x_wconf 84' lang='lat' dir='ltr'>ia</span> <span class='ocrx_word' id='word_1_356' title='bbox 1774 4761 1820 4798; x_wconf 83' lang='lat' dir='ltr'>mr</span> <span class='ocrx_word' id='word_1_357' title='bbox 1830 4739 2054 4822; x_wconf 67' lang='lat' dir='ltr'>proieceratque</span> 
     </span>
    </p>
   </div>
   <div class='ocr_carea' id='block_1_7' title="bbox 663 4857 2053 4945">
    <p class='ocr_par' dir='ltr' id='par_1_9' title="bbox 663 4857 2053 4945">
     <span class='ocr_line' id='line_1_34' title="bbox 663 4857 2053 4945; baseline -0.001 -25"><span class='ocrx_word' id='word_1_358' title='bbox 663 4883 715 4945; x_wconf 76' lang='lat' dir='ltr'>epo</span> <span class='ocrx_word' id='word_1_359' title='bbox 729 4864 770 4925; x_wconf 79' lang='lat' dir='ltr'>ita</span> <span class='ocrx_word' id='word_1_360' title='bbox 786 4861 915 4924; x_wconf 82' lang='lat' dir='ltr'>deiectus</span> <span class='ocrx_word' id='word_1_361' title='bbox 936 4883 1035 4931; x_wconf 81' lang='lat' dir='ltr'>esrem,</span> <span class='ocrx_word' id='word_1_362' title='bbox 1058 4862 1218 4924; x_wconf 76' lang='lat' dir='ltr'>amlerrsne</span> <span class='ocrx_word' id='word_1_363' title='bbox 1233 4859 1327 4922; x_wconf 82' lang='lat' dir='ltr'>dicere</span> <span class='ocrx_word' id='word_1_364' title='bbox 1337 4859 1529 4921; x_wconf 81' lang='lat' dir='ltr'>¹interdictam</span> <span class='ocrx_word' id='word_1_365' title='bbox 1545 4881 1604 4922; x_wconf 79' lang='lat' dir='ltr'>erae</span> <span class='ocrx_word' id='word_1_366' title='bbox 1619 4859 1656 4922; x_wconf 87' lang='lat' dir='ltr'>de</span> <span class='ocrx_word' id='word_1_367' title='bbox 1670 4858 1836 4920; x_wconf 73' lang='lat' dir='ltr'>deprimitur</span> <span class='ocrx_word' id='word_1_368' title='bbox 1851 4858 1989 4944; x_wconf 77' lang='lat' dir='ltr'>armatis.-</span> <span class='ocrx_word' id='word_1_369' title='bbox 2008 4857 2053 4919; x_wconf 76' lang='lat' dir='ltr'>uir</span> 
     </span>
    </p>
   </div>
   <div class='ocr_carea' id='block_1_8' title="bbox 0 0 2444 6534">
    <p class='ocr_par' dir='ltr' id='par_1_10' title="bbox 0 0 2444 6534">
     <span class='ocr_line' id='line_1_35' title="bbox 0 0 2444 6534; baseline 0 0"><span class='ocrx_word' id='word_1_370' title='bbox 0 0 2444 6534; x_wconf 95' lang='lat' dir='ltr'> </span> 
     </span>
    </p>
   </div>
  </div>
 </body>
</html>
