<?xml version="1.0" encoding="UTF-8"?>
<!DOCTYPE html PUBLIC "-//W3C//DTD XHTML 1.0 Transitional//EN"
    "http://www.w3.org/TR/xhtml1/DTD/xhtml1-transitional.dtd">
<html xmlns="http://www.w3.org/1999/xhtml" xml:lang="en" lang="en">
 <head>
  <title>
</title>
<meta http-equiv="Content-Type" content="text/html;charset=utf-8" />
  <meta name='ocr-system' content='tesseract 3.04.00' />
  <meta name='ocr-capabilities' content='ocr_page ocr_carea ocr_par ocr_line ocrx_word'/>
</head>
<body>
  <div class='ocr_page' id='page_1' title='image "adnotationumcri00klotgoog_0036.png"; bbox 0 0 4880 6538; ppageno 0'>
   <div class='ocr_carea' id='block_1_1' title="bbox 802 951 1267 1024">
    <p class='ocr_par' dir='ltr' id='par_1_1' title="bbox 802 951 1267 1024">
     <span class='ocr_line' id='line_1_1' title="bbox 802 951 1267 1024; baseline 0.017 -31"><span class='ocrx_word' id='word_1_1' title='bbox 802 951 1267 1024; x_wconf 75' lang='lat'><strong>-29--—</strong></span> 
     </span>
    </p>
   </div>
   <div class='ocr_carea' id='block_1_2' title="bbox 348 1155 1733 1921">
    <p class='ocr_par' dir='ltr' id='par_1_2' title="bbox 545 1155 1583 1242">
     <span class='ocr_line' id='line_1_2' title="bbox 545 1155 1583 1242; baseline -0.002 -22"><span class='ocrx_word' id='word_1_2' title='bbox 545 1157 792 1220; x_wconf 77' lang='lat' dir='ltr'>sasaclscus</span> <span class='ocrx_word' id='word_1_3' title='bbox 814 1155 1043 1216; x_wconf 80' lang='lat' dir='ltr'>LEOPOLDIIS</span> <span class='ocrx_word' id='word_1_4' title='bbox 1066 1157 1272 1220; x_wconf 71' lang='lat' dir='ltr'>hausurus</span> <span class='ocrx_word' id='word_1_5' title='bbox 1294 1159 1532 1222; x_wconf 79' lang='lat' dir='ltr'>wJLLsUuEz</span> <span class='ocrx_word' id='word_1_6' title='bbox 1577 1230 1583 1242; x_wconf 28' lang='grc' dir='ltr'><strong><em>ι</em></strong></span> 
     </span>
    </p>

    <p class='ocr_par' dir='ltr' id='par_1_3' title="bbox 348 1241 1733 1921">
     <span class='ocr_line' id='line_1_3' title="bbox 348 1241 1733 1324; baseline 0 -20"><span class='ocrx_word' id='word_1_7' title='bbox 348 1249 436 1304; x_wconf 73' lang='lat' dir='ltr'>natm</span> <span class='ocrx_word' id='word_1_8' title='bbox 450 1245 604 1306; x_wconf 83' lang='lat' dir='ltr'>Montibus</span> <span class='ocrx_word' id='word_1_9' title='bbox 618 1245 652 1304; x_wconf 91' lang='lat' dir='ltr'>in</span> <span class='ocrx_word' id='word_1_10' title='bbox 667 1245 790 1304; x_wconf 87' lang='lat' dir='ltr'>ciuitate</span> <span class='ocrx_word' id='word_1_11' title='bbox 804 1243 925 1318; x_wconf 86' lang='lat' dir='ltr'>Belgica</span> <span class='ocrx_word' id='word_1_12' title='bbox 948 1243 976 1304; x_wconf 92' lang='lat' dir='ltr'>d.</span> <span class='ocrx_word' id='word_1_13' title='bbox 1001 1241 1147 1302; x_wconf 80' lang='lat' dir='ltr'>XXVIII.</span> <span class='ocrx_word' id='word_1_14' title='bbox 1164 1265 1254 1304; x_wconf 89' lang='lat' dir='ltr'>mens.</span> <span class='ocrx_word' id='word_1_15' title='bbox 1271 1249 1342 1324; x_wconf 80' lang='lat' dir='ltr'>Apr.</span> <span class='ocrx_word' id='word_1_16' title='bbox 1359 1266 1385 1304; x_wconf 86' lang='lat' dir='ltr'>a.</span> <span class='ocrx_word' id='word_1_17' title='bbox 1400 1243 1545 1304; x_wconf 82' lang='lat' dir='ltr'>XXXVI.</span> <span class='ocrx_word' id='word_1_18' title='bbox 1560 1244 1644 1320; x_wconf 85' lang='lat' dir='ltr'>patre</span> <span class='ocrx_word' id='word_1_19' title='bbox 1660 1244 1733 1304; x_wconf 83' lang='lat' dir='ltr'>Leo·</span> 
     </span>
     <span class='ocr_line' id='line_1_4' title="bbox 348 1328 1731 1408; baseline -0.001 -18"><span class='ocrx_word' id='word_1_20' title='bbox 348 1331 437 1408; x_wconf 95' lang='lat' dir='ltr'>poldo</span> <span class='ocrx_word' id='word_1_21' title='bbox 447 1330 632 1403; x_wconf 86' lang='lat' dir='ltr'>Willsumea,</span> <span class='ocrx_word' id='word_1_22' title='bbox 647 1330 803 1406; x_wconf 89' lang='lat' dir='ltr'>utriusque</span> <span class='ocrx_word' id='word_1_23' title='bbox 819 1329 894 1388; x_wconf 88' lang='lat' dir='ltr'>iuris</span> <span class='ocrx_word' id='word_1_24' title='bbox 910 1329 1042 1396; x_wconf 88' lang='lat' dir='ltr'>doctore,</span> <span class='ocrx_word' id='word_1_25' title='bbox 1057 1328 1123 1402; x_wconf 86' lang='lat' dir='ltr'>regi</span> <span class='ocrx_word' id='word_1_26' title='bbox 1129 1330 1227 1405; x_wconf 89' lang='lat' dir='ltr'>Belgii</span> <span class='ocrx_word' id='word_1_27' title='bbox 1242 1331 1389 1391; x_wconf 90' lang='lat' dir='ltr'>aconsilis</span> <span class='ocrx_word' id='word_1_28' title='bbox 1398 1349 1498 1389; x_wconf 84' lang='lat' dir='ltr'>rerum</span> <span class='ocrx_word' id='word_1_29' title='bbox 1507 1328 1731 1401; x_wconf 88' lang='lat' dir='ltr'>metallicarum,</span> 
     </span>
     <span class='ocr_line' id='line_1_5' title="bbox 348 1413 1732 1492; baseline -0.001 -16"><span class='ocrx_word' id='word_1_30' title='bbox 348 1420 441 1476; x_wconf 87' lang='lat' dir='ltr'>matrs</span> <span class='ocrx_word' id='word_1_31' title='bbox 461 1415 550 1476; x_wconf 82' lang='lat' dir='ltr'>Flora</span> <span class='ocrx_word' id='word_1_32' title='bbox 575 1417 724 1476; x_wconf 84' lang='lat' dir='ltr'>Gertruda</span> <span class='ocrx_word' id='word_1_33' title='bbox 749 1435 766 1473; x_wconf 89' lang='lat' dir='ltr'>a</span> <span class='ocrx_word' id='word_1_34' title='bbox 790 1419 879 1492; x_wconf 89' lang='lat' dir='ltr'>gente</span> <span class='ocrx_word' id='word_1_35' title='bbox 904 1413 1065 1484; x_wconf 83' lang='lat' dir='ltr'>Eurandia,</span> <span class='ocrx_word' id='word_1_36' title='bbox 1092 1414 1220 1491; x_wconf 90' lang='lat' dir='ltr'>primum</span> <span class='ocrx_word' id='word_1_37' title='bbox 1240 1416 1273 1474; x_wconf 92' lang='lat' dir='ltr'>in</span> <span class='ocrx_word' id='word_1_38' title='bbox 1290 1417 1416 1492; x_wconf 82' lang='lat' dir='ltr'>collegio</span> <span class='ocrx_word' id='word_1_39' title='bbox 1437 1421 1555 1492; x_wconf 89' lang='lat' dir='ltr'>patrum</span> <span class='ocrx_word' id='word_1_40' title='bbox 1579 1415 1732 1474; x_wconf 85' lang='lat' dir='ltr'>societatis</span> 
     </span>
     <span class='ocr_line' id='line_1_6' title="bbox 348 1497 1732 1578; baseline -0.003 -16"><span class='ocrx_word' id='word_1_41' title='bbox 348 1503 419 1562; x_wconf 84' lang='lat' dir='ltr'>Iesu</span> <span class='ocrx_word' id='word_1_42' title='bbox 432 1502 583 1573; x_wconf 73' lang='lat' dir='ltr'>educatus,</span> <span class='ocrx_word' id='word_1_43' title='bbox 595 1501 736 1578; x_wconf 90' lang='lat' dir='ltr'>deinceps</span> <span class='ocrx_word' id='word_1_44' title='bbox 748 1501 781 1558; x_wconf 91' lang='lat' dir='ltr'>in</span> <span class='ocrx_word' id='word_1_45' title='bbox 793 1497 1042 1558; x_wconf 85' lang='lat' dir='ltr'>uniuersitatibus</span> <span class='ocrx_word' id='word_1_46' title='bbox 1053 1499 1110 1556; x_wconf 84' lang='lat' dir='ltr'>liu.</span> <span class='ocrx_word' id='word_1_47' title='bbox 1121 1501 1303 1560; x_wconf 87' lang='lat' dir='ltr'>Louaniensi</span> <span class='ocrx_word' id='word_1_48' title='bbox 1315 1507 1345 1560; x_wconf 89' lang='lat' dir='ltr'>et</span> <span class='ocrx_word' id='word_1_49' title='bbox 1356 1502 1534 1560; x_wconf 82' lang='lat' dir='ltr'>Bruxellana</span> <span class='ocrx_word' id='word_1_50' title='bbox 1549 1500 1732 1576; x_wconf 83' lang='lat' dir='ltr'>philologiae</span> 
     </span>
     <span class='ocr_line' id='line_1_7' title="bbox 348 1584 1732 1663; baseline -0.001 -17"><span class='ocrx_word' id='word_1_51' title='bbox 348 1587 530 1647; x_wconf 88' lang='lat' dir='ltr'>ethistoriae</span> <span class='ocrx_word' id='word_1_52' title='bbox 543 1587 676 1646; x_wconf 88' lang='lat' dir='ltr'>studium</span> <span class='ocrx_word' id='word_1_53' title='bbox 686 1585 788 1646; x_wconf 89' lang='lat' dir='ltr'>coluit.</span> <span class='ocrx_word' id='word_1_54' title='bbox 808 1585 918 1644; x_wconf 81' lang='lat' dir='ltr'>Postea</span> <span class='ocrx_word' id='word_1_55' title='bbox 927 1589 1010 1660; x_wconf 86' lang='lat' dir='ltr'>pater</span> <span class='ocrx_word' id='word_1_56' title='bbox 1016 1584 1136 1658; x_wconf 89' lang='lat' dir='ltr'>negotia</span> <span class='ocrx_word' id='word_1_57' title='bbox 1148 1588 1321 1646; x_wconf 88' lang='lat' dir='ltr'>mercatoria</span> <span class='ocrx_word' id='word_1_58' title='bbox 1329 1587 1358 1646; x_wconf 85' lang='lat' dir='ltr'>ai</span> <span class='ocrx_word' id='word_1_59' title='bbox 1364 1587 1518 1646; x_wconf 88' lang='lat' dir='ltr'>mandauit</span> <span class='ocrx_word' id='word_1_60' title='bbox 1528 1587 1630 1663; x_wconf 90' lang='lat' dir='ltr'>itaque</span> <span class='ocrx_word' id='word_1_61' title='bbox 1641 1587 1672 1644; x_wconf 91' lang='lat' dir='ltr'>in</span> <span class='ocrx_word' id='word_1_62' title='bbox 1685 1587 1732 1645; x_wconf 93' lang='lat' dir='ltr'>his</span> 
     </span>
     <span class='ocr_line' id='line_1_8' title="bbox 348 1669 1732 1748; baseline -0.001 -17"><span class='ocrx_word' id='word_1_63' title='bbox 348 1673 477 1748; x_wconf 91' lang='lat' dir='ltr'>negotiis</span> <span class='ocrx_word' id='word_1_64' title='bbox 492 1679 522 1732; x_wconf 89' lang='lat' dir='ltr'>et</span> <span class='ocrx_word' id='word_1_65' title='bbox 536 1673 650 1732; x_wconf 90' lang='lat' dir='ltr'>artibus</span> <span class='ocrx_word' id='word_1_66' title='bbox 666 1691 697 1731; x_wconf 89' lang='lat' dir='ltr'>ss</span> <span class='ocrx_word' id='word_1_67' title='bbox 713 1670 847 1731; x_wconf 83' lang='lat' dir='ltr'>exercuit</span> <span class='ocrx_word' id='word_1_68' title='bbox 861 1669 1143 1746; x_wconf 88' lang='lat' dir='ltr'>multasqueBelgii‚</span> <span class='ocrx_word' id='word_1_69' title='bbox 1154 1673 1383 1746; x_wconf 83' lang='lat' dir='ltr'>Francogalliae,</span> <span class='ocrx_word' id='word_1_70' title='bbox 1402 1672 1578 1732; x_wconf 75' lang='lat' dir='ltr'><strong>Germaniae</strong></span> <span class='ocrx_word' id='word_1_71' title='bbox 1594 1673 1732 1730; x_wconf 87' lang='lat' dir='ltr'>ciuitates</span> 
     </span>
     <span class='ocr_line' id='line_1_9' title="bbox 348 1755 1733 1836; baseline -0.001 -18"><span class='ocrx_word' id='word_1_72' title='bbox 348 1758 486 1818; x_wconf 86' lang='lat' dir='ltr'>uisitauit</span> <span class='ocrx_word' id='word_1_73' title='bbox 500 1765 532 1818; x_wconf 90' lang='lat' dir='ltr'>et</span> <span class='ocrx_word' id='word_1_74' title='bbox 549 1758 734 1836; x_wconf 73' lang='lat' dir='ltr'>aliquamdiu</span> <span class='ocrx_word' id='word_1_75' title='bbox 747 1755 874 1816; x_wconf 89' lang='lat' dir='ltr'>Parisiis</span> <span class='ocrx_word' id='word_1_76' title='bbox 889 1756 980 1830; x_wconf 86' lang='lat' dir='ltr'>degit.</span> <span class='ocrx_word' id='word_1_77' title='bbox 1026 1755 1086 1814; x_wconf 78' lang='lat' dir='ltr'>dax</span> <span class='ocrx_word' id='word_1_78' title='bbox 1100 1757 1187 1815; x_wconf 86' lang='lat' dir='ltr'>annis</span> <span class='ocrx_word' id='word_1_79' title='bbox 1201 1759 1245 1816; x_wconf 87' lang='lat' dir='ltr'>ita</span> <span class='ocrx_word' id='word_1_80' title='bbox 1259 1759 1442 1835; x_wconf 87' lang='lat' dir='ltr'>consumptis</span> <span class='ocrx_word' id='word_1_81' title='bbox 1457 1757 1590 1836; x_wconf 89' lang='lat' dir='ltr'>Lipsiam</span> <span class='ocrx_word' id='word_1_82' title='bbox 1604 1758 1689 1816; x_wconf 86' lang='lat' dir='ltr'>uenit</span> <span class='ocrx_word' id='word_1_83' title='bbox 1704 1762 1733 1817; x_wconf 88' lang='lat' dir='ltr'>et</span> 
     </span>
     <span class='ocr_line' id='line_1_10' title="bbox 348 1842 1213 1921; baseline 0.002 -19"><span class='ocrx_word' id='word_1_84' title='bbox 348 1844 457 1904; x_wconf 91' lang='lat' dir='ltr'>studiis</span> <span class='ocrx_word' id='word_1_85' title='bbox 472 1845 656 1917; x_wconf 74' lang='lat' dir='ltr'><strong>anatomicis,</strong></span> <span class='ocrx_word' id='word_1_86' title='bbox 672 1843 817 1921; x_wconf 88' lang='lat' dir='ltr'>physicis,</span> <span class='ocrx_word' id='word_1_87' title='bbox 832 1842 971 1902; x_wconf 87' lang='lat' dir='ltr'>chemicis</span> <span class='ocrx_word' id='word_1_88' title='bbox 987 1859 1105 1920; x_wconf 91' lang='lat' dir='ltr'>operam</span> <span class='ocrx_word' id='word_1_89' title='bbox 1120 1843 1213 1904; x_wconf 81' lang='lat' dir='ltr'><strong>dedit.</strong></span> 
     </span>
    </p>
   </div>
   <div class='ocr_carea' id='block_1_3' title="bbox 349 1960 1731 2125">
    <p class='ocr_par' dir='ltr' id='par_1_4' title="bbox 349 1960 1731 2125">
     <span class='ocr_line' id='line_1_11' title="bbox 545 1960 1487 2048; baseline -0.003 -25"><span class='ocrx_word' id='word_1_90' title='bbox 545 2009 554 2048; x_wconf 70' lang='lat'>,</span> <span class='ocrx_word' id='word_1_91' title='bbox 592 1960 896 2023; x_wconf 79' lang='lat' dir='ltr'>CONSTANTINUS</span> <span class='ocrx_word' id='word_1_92' title='bbox 919 1961 1036 2019; x_wconf 87' lang='lat' dir='ltr'>LIBER</span> <span class='ocrx_word' id='word_1_93' title='bbox 1057 1961 1163 2020; x_wconf 80' lang='lat' dir='ltr'>BARO</span> <span class='ocrx_word' id='word_1_94' title='bbox 1188 1963 1239 2020; x_wconf 86' lang='lat' dir='ltr'>DE</span> <span class='ocrx_word' id='word_1_95' title='bbox 1262 1961 1487 2022; x_wconf 82' lang='lat' dir='ltr'>WRANGELL</span> 
     </span>
     <span class='ocr_line' id='line_1_12' title="bbox 349 2041 1731 2125; baseline 0 -19"><span class='ocrx_word' id='word_1_96' title='bbox 349 2053 438 2107; x_wconf 89' lang='lat' dir='ltr'>natus</span> <span class='ocrx_word' id='word_1_97' title='bbox 459 2049 613 2125; x_wconf 89' lang='lat' dir='ltr'>Petropoli</span> <span class='ocrx_word' id='word_1_98' title='bbox 629 2051 657 2107; x_wconf 91' lang='lat' dir='ltr'>d.</span> <span class='ocrx_word' id='word_1_99' title='bbox 673 2051 706 2106; x_wconf 92' lang='lat' dir='ltr'>V.</span> <span class='ocrx_word' id='word_1_100' title='bbox 726 2041 854 2124; x_wconf 75' lang='lat' dir='ltr'>(XVII.)</span> <span class='ocrx_word' id='word_1_101' title='bbox 870 2065 961 2104; x_wconf 87' lang='lat' dir='ltr'>mens.</span> <span class='ocrx_word' id='word_1_102' title='bbox 980 2045 1052 2104; x_wconf 85' lang='lat' dir='ltr'>Maii</span> <span class='ocrx_word' id='word_1_103' title='bbox 1067 2066 1092 2104; x_wconf 90' lang='lat' dir='ltr'>a.</span> <span class='ocrx_word' id='word_1_104' title='bbox 1110 2047 1206 2106; x_wconf 91' lang='lat' dir='ltr'>XLII.</span> <span class='ocrx_word' id='word_1_105' title='bbox 1223 2053 1306 2124; x_wconf 87' lang='lat' dir='ltr'>patre</span> <span class='ocrx_word' id='word_1_106' title='bbox 1322 2047 1428 2107; x_wconf 84' lang='lat' dir='ltr'>Carolo</span> <span class='ocrx_word' id='word_1_107' title='bbox 1444 2046 1590 2106; x_wconf 85' lang='lat' dir='ltr'>Michacle</span> <span class='ocrx_word' id='word_1_108' title='bbox 1610 2048 1731 2106; x_wconf 87' lang='lat' dir='ltr'>doctore</span> 
     </span>
    </p>
   </div>
   <div class='ocr_carea' id='block_1_4' title="bbox 348 2132 1844 2210">
    <p class='ocr_par' dir='ltr' id='par_1_5' title="bbox 348 2132 1844 2210">
     <span class='ocr_line' id='line_1_13' title="bbox 348 2132 1844 2210; baseline -0.001 -18"><span class='ocrx_word' id='word_1_109' title='bbox 348 2133 524 2206; x_wconf 77' lang='lat' dir='ltr'>medicinae,</span> <span class='ocrx_word' id='word_1_110' title='bbox 540 2141 633 2194; x_wconf 86' lang='lat' dir='ltr'>matra</span> <span class='ocrx_word' id='word_1_111' title='bbox 650 2133 835 2193; x_wconf 84' lang='lat' dir='ltr'>Guilelmina</span> <span class='ocrx_word' id='word_1_112' title='bbox 850 2151 867 2190; x_wconf 91' lang='lat' dir='ltr'>o</span> <span class='ocrx_word' id='word_1_113' title='bbox 883 2137 972 2206; x_wconf 90' lang='lat' dir='ltr'>gente</span> <span class='ocrx_word' id='word_1_114' title='bbox 988 2132 1121 2200; x_wconf 80' lang='lat' dir='ltr'>chamot,</span> <span class='ocrx_word' id='word_1_115' title='bbox 1137 2133 1169 2190; x_wconf 92' lang='lat' dir='ltr'>in</span> <span class='ocrx_word' id='word_1_116' title='bbox 1185 2133 1339 2210; x_wconf 86' lang='lat' dir='ltr'>gymnasio</span> <span class='ocrx_word' id='word_1_117' title='bbox 1355 2133 1580 2209; x_wconf 88' lang='lat' dir='ltr'>Petropolitano</span> <span class='ocrx_word' id='word_1_118' title='bbox 1596 2133 1637 2190; x_wconf 90' lang='lat'>11.</span> <span class='ocrx_word' id='word_1_119' title='bbox 1655 2138 1685 2190; x_wconf 90' lang='lat' dir='ltr'>at</span> <span class='ocrx_word' id='word_1_120' title='bbox 1699 2132 1731 2190; x_wconf 92' lang='lat' dir='ltr'>in</span> <span class='ocrx_word' id='word_1_121' title='bbox 1841 2147 1844 2154; x_wconf 90' lang='lat'>·</span> 
     </span>
    </p>
   </div>
   <div class='ocr_carea' id='block_1_5' title="bbox 304 2216 1734 2638">
    <p class='ocr_par' dir='ltr' id='par_1_6' title="bbox 304 2216 1734 2638">
     <span class='ocr_line' id='line_1_14' title="bbox 304 2216 1733 2296; baseline 0 -18"><span class='ocrx_word' id='word_1_122' title='bbox 304 2232 311 2258; x_wconf 68' lang='lat'>⁸</span> <span class='ocrx_word' id='word_1_123' title='bbox 348 2219 502 2296; x_wconf 89' lang='lat' dir='ltr'>gymnasio</span> <span class='ocrx_word' id='word_1_124' title='bbox 517 2219 636 2296; x_wconf 91' lang='lat' dir='ltr'>priuato</span> <span class='ocrx_word' id='word_1_125' title='bbox 653 2217 861 2278; x_wconf 87' lang='lat' dir='ltr'>Wiedemanni</span> <span class='ocrx_word' id='word_1_126' title='bbox 876 2216 1044 2290; x_wconf 82' lang='lat' dir='ltr'>institutus,</span> <span class='ocrx_word' id='word_1_127' title='bbox 1060 2237 1151 2276; x_wconf 91' lang='lat' dir='ltr'>uuum</span> <span class='ocrx_word' id='word_1_128' title='bbox 1167 2237 1277 2276; x_wconf 90' lang='lat' dir='ltr'>annum</span> <span class='ocrx_word' id='word_1_129' title='bbox 1293 2219 1325 2278; x_wconf 93' lang='lat' dir='ltr'>in</span> <span class='ocrx_word' id='word_1_130' title='bbox 1337 2219 1534 2278; x_wconf 85' lang='lat' dir='ltr'>uniuersitate</span> <span class='ocrx_word' id='word_1_131' title='bbox 1547 2217 1606 2276; x_wconf 82' lang='lat' dir='ltr'>litt.</span> <span class='ocrx_word' id='word_1_132' title='bbox 1631 2219 1733 2278; x_wconf 87' lang='lat' dir='ltr'>Petro·</span> 
     </span>
     <span class='ocr_line' id='line_1_15' title="bbox 348 2303 1732 2382; baseline 0 -20"><span class='ocrx_word' id='word_1_133' title='bbox 348 2305 481 2382; x_wconf 85' lang='lat' dir='ltr'>politana</span> <span class='ocrx_word' id='word_1_134' title='bbox 496 2305 703 2382; x_wconf 73' lang='lat' dir='ltr'><strong>philosophiae</strong></span> <span class='ocrx_word' id='word_1_135' title='bbox 720 2303 851 2374; x_wconf 78' lang='lat' dir='ltr'>studuit,</span> <span class='ocrx_word' id='word_1_136' title='bbox 874 2307 938 2362; x_wconf 88' lang='lat' dir='ltr'>tum</span> <span class='ocrx_word' id='word_1_137' title='bbox 954 2303 1111 2377; x_wconf 75' lang='lat' dir='ltr'>Gottingae</span> <span class='ocrx_word' id='word_1_138' title='bbox 1134 2323 1253 2380; x_wconf 87' lang='lat' dir='ltr'>operam</span> <span class='ocrx_word' id='word_1_139' title='bbox 1274 2305 1359 2364; x_wconf 91' lang='lat' dir='ltr'>dedit</span> <span class='ocrx_word' id='word_1_140' title='bbox 1374 2304 1529 2374; x_wconf 80' lang='lat' dir='ltr'>Wdhlero,</span> <span class='ocrx_word' id='word_1_141' title='bbox 1547 2303 1678 2362; x_wconf 80' lang='lat' dir='ltr'>Sertorio</span> <span class='ocrx_word' id='word_1_142' title='bbox 1696 2304 1732 2362; x_wconf 89' lang='lat' dir='ltr'>de</span> 
     </span>
     <span class='ocr_line' id='line_1_16' title="bbox 348 2387 1734 2465; baseline -0.004 -15"><span class='ocrx_word' id='word_1_143' title='bbox 348 2389 603 2464; x_wconf 86' lang='lat' dir='ltr'>Waltershausen,</span> <span class='ocrx_word' id='word_1_144' title='bbox 621 2389 746 2464; x_wconf 84' lang='lat' dir='ltr'>Wickio,</span> <span class='ocrx_word' id='word_1_145' title='bbox 772 2388 993 2460; x_wconf 84' lang='lat' dir='ltr'>Griaaebachio,</span> <span class='ocrx_word' id='word_1_146' title='bbox 1009 2389 1205 2457; x_wconf 79' lang='lat' dir='ltr'>Haliariohio,</span> <span class='ocrx_word' id='word_1_147' title='bbox 1217 2390 1354 2461; x_wconf 77' lang='lat' dir='ltr'>Franhio,</span> <span class='ocrx_word' id='word_1_148' title='bbox 1369 2390 1494 2450; x_wconf 83' lang='lat' dir='ltr'>Waitzio</span> <span class='ocrx_word' id='word_1_149' title='bbox 1510 2407 1563 2465; x_wconf 92' lang='lat' dir='ltr'>per</span> <span class='ocrx_word' id='word_1_150' title='bbox 1578 2387 1734 2448; x_wconf 86' lang='lat' dir='ltr'>semestris</span> 
     </span>
     <span class='ocr_line' id='line_1_17' title="bbox 348 2475 1732 2554; baseline -0.001 -20"><span class='ocrx_word' id='word_1_151' title='bbox 348 2475 416 2549; x_wconf 89' lang='lat' dir='ltr'>tria,</span> <span class='ocrx_word' id='word_1_152' title='bbox 425 2476 542 2554; x_wconf 80' lang='lat' dir='ltr'>Lipsiae</span> <span class='ocrx_word' id='word_1_153' title='bbox 557 2477 678 2554; x_wconf 89' lang='lat' dir='ltr'>perduc</span> <span class='ocrx_word' id='word_1_154' title='bbox 695 2475 1008 2534; x_wconf 87' lang='lat' dir='ltr'>semestriaRosohero</span> <span class='ocrx_word' id='word_1_155' title='bbox 1018 2479 1048 2532; x_wconf 91' lang='lat' dir='ltr'>at</span> <span class='ocrx_word' id='word_1_156' title='bbox 1059 2475 1249 2548; x_wconf 91' lang='lat' dir='ltr'>Drohischio,</span> <span class='ocrx_word' id='word_1_157' title='bbox 1260 2475 1392 2534; x_wconf 88' lang='lat' dir='ltr'>Berolini</span> <span class='ocrx_word' id='word_1_158' title='bbox 1405 2476 1569 2553; x_wconf 82' lang='lat' dir='ltr'>Droyseno,</span> <span class='ocrx_word' id='word_1_159' title='bbox 1586 2475 1732 2547; x_wconf 86' lang='lat' dir='ltr'>Gneistio,</span> 
     </span>
     <span class='ocr_line' id='line_1_18' title="bbox 350 2559 1387 2638; baseline -0.002 -18"><span class='ocrx_word' id='word_1_160' title='bbox 350 2561 388 2620; x_wconf 89' lang='lat' dir='ltr'>ds</span> <span class='ocrx_word' id='word_1_161' title='bbox 404 2561 618 2632; x_wconf 81' lang='lat' dir='ltr'>Holtasndorff,</span> <span class='ocrx_word' id='word_1_162' title='bbox 635 2561 813 2636; x_wconf 85' lang='lat' dir='ltr'>Diibringio,</span> <span class='ocrx_word' id='word_1_163' title='bbox 830 2559 1020 2632; x_wconf 83' lang='lat' dir='ltr'>Steinthalio,</span> <span class='ocrx_word' id='word_1_164' title='bbox 1037 2561 1157 2618; x_wconf 88' lang='lat' dir='ltr'>Bonnaa</span> <span class='ocrx_word' id='word_1_165' title='bbox 1172 2561 1301 2638; x_wconf 81' lang='lat' dir='ltr'>Meyero.</span> <span class='ocrx_word' id='word_1_166' title='bbox 1384 2611 1387 2618; x_wconf 79' lang='grc'>,</span> 
     </span>
    </p>
   </div>
   <div class='ocr_carea' id='block_1_6' title="bbox 861 2657 1222 2720">
    <p class='ocr_par' dir='ltr' id='par_1_7' title="bbox 861 2657 1222 2720">
     <span class='ocr_line' id='line_1_19' title="bbox 861 2657 1222 2720; baseline 0.006 -2"><span class='ocrx_word' id='word_1_167' title='bbox 861 2657 1105 2720; x_wconf 81' lang='lat' dir='ltr'>ALEXANDIIR</span> <span class='ocrx_word' id='word_1_168' title='bbox 1126 2661 1222 2720; x_wconf 81' lang='lat' dir='ltr'>vlsL</span> 
     </span>
    </p>
   </div>
   <div class='ocr_carea' id='block_1_7' title="bbox 349 2740 1829 2824">
    <p class='ocr_par' dir='ltr' id='par_1_8' title="bbox 349 2740 1829 2824">
     <span class='ocr_line' id='line_1_20' title="bbox 349 2740 1829 2824; baseline -0.001 -18"><span class='ocrx_word' id='word_1_169' title='bbox 349 2751 437 2806; x_wconf 91' lang='lat' dir='ltr'>uatus</span> <span class='ocrx_word' id='word_1_170' title='bbox 461 2748 491 2806; x_wconf 91' lang='lat' dir='ltr'>d.</span> <span class='ocrx_word' id='word_1_171' title='bbox 516 2748 550 2804; x_wconf 87' lang='lat' dir='ltr'>V.</span> <span class='ocrx_word' id='word_1_172' title='bbox 579 2767 670 2807; x_wconf 90' lang='lat' dir='ltr'>meas.</span> <span class='ocrx_word' id='word_1_173' title='bbox 696 2748 770 2806; x_wconf 84' lang='lat' dir='ltr'>Maii</span> <span class='ocrx_word' id='word_1_174' title='bbox 793 2767 820 2808; x_wconf 72' lang='lat' dir='ltr'>a.</span> <span class='ocrx_word' id='word_1_175' title='bbox 845 2745 947 2806; x_wconf 89' lang='lat' dir='ltr'>XXX.</span> <span class='ocrx_word' id='word_1_176' title='bbox 974 2747 1123 2806; x_wconf 87' lang='lat' dir='ltr'>Wetterae</span> <span class='ocrx_word' id='word_1_177' title='bbox 1159 2748 1192 2806; x_wconf 93' lang='lat' dir='ltr'>in</span> <span class='ocrx_word' id='word_1_178' title='bbox 1222 2747 1330 2823; x_wconf 90' lang='lat' dir='ltr'>oppido</span> <span class='ocrx_word' id='word_1_179' title='bbox 1358 2748 1485 2806; x_wconf 79' lang='lat' dir='ltr'>Hessius</span> <span class='ocrx_word' id='word_1_180' title='bbox 1510 2747 1673 2824; x_wconf 87' lang='lat' dir='ltr'>superioris</span> <span class='ocrx_word' id='word_1_181' title='bbox 1704 2751 1734 2806; x_wconf 91' lang='lat' dir='ltr'>et</span> <span class='ocrx_word' id='word_1_182' title='bbox 1826 2740 1829 2748; x_wconf 79' lang='grc'><em>’</em></span> 
     </span>
    </p>
   </div>
   <div class='ocr_carea' id='block_1_8' title="bbox 347 2832 1733 3510">
    <p class='ocr_par' dir='ltr' id='par_1_9' title="bbox 347 2832 1733 3510">
     <span class='ocr_line' id='line_1_21' title="bbox 348 2832 1732 2911; baseline -0.001 -20"><span class='ocrx_word' id='word_1_183' title='bbox 348 2832 381 2891; x_wconf 93' lang='lat' dir='ltr'>in</span> <span class='ocrx_word' id='word_1_184' title='bbox 408 2833 561 2911; x_wconf 84' lang='lat' dir='ltr'>gymnasio</span> <span class='ocrx_word' id='word_1_185' title='bbox 587 2833 795 2909; x_wconf 81' lang='lat' dir='ltr'>Morburgensi</span> <span class='ocrx_word' id='word_1_186' title='bbox 824 2851 879 2910; x_wconf 89' lang='lat' dir='ltr'>per</span> <span class='ocrx_word' id='word_1_187' title='bbox 902 2833 1057 2891; x_wconf 86' lang='lat' dir='ltr'>semestris</span> <span class='ocrx_word' id='word_1_188' title='bbox 1078 2833 1167 2890; x_wconf 89' lang='lat' dir='ltr'>XIII.</span> <span class='ocrx_word' id='word_1_189' title='bbox 1194 2833 1337 2891; x_wconf 88' lang='lat' dir='ltr'>eruditus</span> <span class='ocrx_word' id='word_1_190' title='bbox 1363 2833 1395 2891; x_wconf 94' lang='lat' dir='ltr'>in</span> <span class='ocrx_word' id='word_1_191' title='bbox 1421 2833 1648 2892; x_wconf 88' lang='lat' dir='ltr'>uniuersitatem</span> <span class='ocrx_word' id='word_1_192' title='bbox 1673 2833 1732 2892; x_wconf 92' lang='lat' dir='ltr'>litt.</span> 
     </span>
     <span class='ocr_line' id='line_1_22' title="bbox 348 2917 1733 2996; baseline -0.001 -19"><span class='ocrx_word' id='word_1_193' title='bbox 348 2920 593 2994; x_wconf 86' lang='lat' dir='ltr'>Marhurgensem</span> <span class='ocrx_word' id='word_1_194' title='bbox 608 2919 730 2978; x_wconf 89' lang='lat' dir='ltr'>transiit</span> <span class='ocrx_word' id='word_1_195' title='bbox 752 2919 856 2995; x_wconf 88' lang='lat' dir='ltr'>ibique</span> <span class='ocrx_word' id='word_1_196' title='bbox 878 2917 1044 2992; x_wconf 79' lang='lat' dir='ltr'>theologiae</span> <span class='ocrx_word' id='word_1_197' title='bbox 1068 2924 1099 2977; x_wconf 94' lang='lat' dir='ltr'>et</span> <span class='ocrx_word' id='word_1_198' title='bbox 1117 2918 1324 2996; x_wconf 78' lang='lat' dir='ltr'>philosophiae</span> <span class='ocrx_word' id='word_1_199' title='bbox 1345 2938 1463 2996; x_wconf 89' lang='lat' dir='ltr'>operam</span> <span class='ocrx_word' id='word_1_200' title='bbox 1486 2919 1581 2990; x_wconf 86' lang='lat' dir='ltr'>dedit,</span> <span class='ocrx_word' id='word_1_201' title='bbox 1607 2917 1733 2977; x_wconf 89' lang='lat' dir='ltr'>multum</span> 
     </span>
     <span class='ocr_line' id='line_1_23' title="bbox 350 3003 1730 3081; baseline 0 -19"><span class='ocrx_word' id='word_1_202' title='bbox 350 3005 449 3062; x_wconf 89' lang='lat' dir='ltr'>animo</span> <span class='ocrx_word' id='word_1_203' title='bbox 474 3025 527 3063; x_wconf 93' lang='lat' dir='ltr'>suo</span> <span class='ocrx_word' id='word_1_204' title='bbox 550 3011 676 3064; x_wconf 84' lang='lat' dir='ltr'>uexatus</span> <span class='ocrx_word' id='word_1_205' title='bbox 697 3004 844 3064; x_wconf 87' lang='lat' dir='ltr'>doctrinis</span> <span class='ocrx_word' id='word_1_206' title='bbox 862 3003 1029 3078; x_wconf 79' lang='lat' dir='ltr'>theologiae</span> <span class='ocrx_word' id='word_1_207' title='bbox 1052 3010 1082 3062; x_wconf 89' lang='lat' dir='ltr'>at</span> <span class='ocrx_word' id='word_1_208' title='bbox 1101 3004 1310 3081; x_wconf 76' lang='lat' dir='ltr'>philosophiae</span> <span class='ocrx_word' id='word_1_209' title='bbox 1330 3004 1410 3064; x_wconf 89' lang='lat' dir='ltr'>iuter</span> <span class='ocrx_word' id='word_1_210' title='bbox 1429 3025 1460 3062; x_wconf 88' lang='lat' dir='ltr'>aa</span> <span class='ocrx_word' id='word_1_211' title='bbox 1483 3005 1730 3081; x_wconf 75' lang='lat' dir='ltr'>discrepantibus,</span> 
     </span>
     <span class='ocr_line' id='line_1_24' title="bbox 347 3090 1733 3166; baseline 0 -18"><span class='ocrx_word' id='word_1_212' title='bbox 347 3093 446 3148; x_wconf 88' lang='lat' dir='ltr'>tamen</span> <span class='ocrx_word' id='word_1_213' title='bbox 467 3091 636 3166; x_wconf 87' lang='lat' dir='ltr'>theologiae</span> <span class='ocrx_word' id='word_1_214' title='bbox 658 3091 759 3150; x_wconf 91' lang='lat' dir='ltr'>studio</span> <span class='ocrx_word' id='word_1_215' title='bbox 779 3091 884 3162; x_wconf 86' lang='lat' dir='ltr'>tidem,</span> <span class='ocrx_word' id='word_1_216' title='bbox 912 3109 999 3166; x_wconf 88' lang='lat' dir='ltr'>quam</span> <span class='ocrx_word' id='word_1_217' title='bbox 1022 3091 1158 3160; x_wconf 86' lang='lat' dir='ltr'>dederat,</span> <span class='ocrx_word' id='word_1_218' title='bbox 1187 3090 1344 3166; x_wconf 88' lang='lat' dir='ltr'>praestitit.</span> <span class='ocrx_word' id='word_1_219' title='bbox 1392 3091 1509 3150; x_wconf 83' lang='lat' dir='ltr'>Studiis</span> <span class='ocrx_word' id='word_1_220' title='bbox 1535 3091 1733 3150; x_wconf 89' lang='lat' dir='ltr'>examinibus·</span> 
     </span>
     <span class='ocr_line' id='line_1_25' title="bbox 352 3175 1732 3254; baseline 0 -21"><span class='ocrx_word' id='word_1_221' title='bbox 352 3193 410 3251; x_wconf 92' lang='lat' dir='ltr'>qus</span> <span class='ocrx_word' id='word_1_222' title='bbox 426 3176 573 3235; x_wconf 87' lang='lat' dir='ltr'>absolutis</span> <span class='ocrx_word' id='word_1_223' title='bbox 588 3177 772 3254; x_wconf 86' lang='lat' dir='ltr'>aliquamdiu</span> <span class='ocrx_word' id='word_1_224' title='bbox 795 3176 932 3252; x_wconf 89' lang='lat' dir='ltr'>priuatus</span> <span class='ocrx_word' id='word_1_225' title='bbox 954 3181 1128 3252; x_wconf 86' lang='lat' dir='ltr'>praeceptor</span> <span class='ocrx_word' id='word_1_226' title='bbox 1147 3175 1205 3234; x_wconf 86' lang='lat' dir='ltr'>fuit</span> <span class='ocrx_word' id='word_1_227' title='bbox 1227 3181 1257 3233; x_wconf 88' lang='lat' dir='ltr'>et</span> <span class='ocrx_word' id='word_1_228' title='bbox 1277 3175 1415 3252; x_wconf 91' lang='lat' dir='ltr'>publicus</span> <span class='ocrx_word' id='word_1_229' title='bbox 1439 3177 1559 3253; x_wconf 84' lang='lat' dir='ltr'>quidem</span> <span class='ocrx_word' id='word_1_230' title='bbox 1581 3179 1618 3236; x_wconf 90' lang='lat' dir='ltr'>ad</span> <span class='ocrx_word' id='word_1_231' title='bbox 1640 3193 1732 3252; x_wconf 86' lang='lat' dir='ltr'>aquas</span> 
     </span>
     <span class='ocr_line' id='line_1_26' title="bbox 347 3260 1730 3336; baseline -0.002 -16"><span class='ocrx_word' id='word_1_232' title='bbox 347 3260 501 3320; x_wconf 77' lang='lat' dir='ltr'>Mattiacas</span> <span class='ocrx_word' id='word_1_233' title='bbox 516 3266 547 3320; x_wconf 90' lang='lat' dir='ltr'>et</span> <span class='ocrx_word' id='word_1_234' title='bbox 563 3263 748 3321; x_wconf 85' lang='lat' dir='ltr'>Neukirchae</span> <span class='ocrx_word' id='word_1_235' title='bbox 763 3261 796 3320; x_wconf 89' lang='lat' dir='ltr'>in</span> <span class='ocrx_word' id='word_1_236' title='bbox 811 3261 919 3320; x_wconf 84' lang='lat' dir='ltr'>Hassis</span> <span class='ocrx_word' id='word_1_237' title='bbox 928 3302 937 3332; x_wconf 87' lang='lat'>,</span> <span class='ocrx_word' id='word_1_238' title='bbox 966 3279 1025 3336; x_wconf 90' lang='lat' dir='ltr'>quo</span> <span class='ocrx_word' id='word_1_239' title='bbox 1040 3268 1172 3336; x_wconf 85' lang='lat' dir='ltr'>tempora</span> <span class='ocrx_word' id='word_1_240' title='bbox 1187 3261 1341 3332; x_wconf 85' lang='lat' dir='ltr'>libellum,</span> <span class='ocrx_word' id='word_1_241' title='bbox 1368 3261 1421 3336; x_wconf 91' lang='lat' dir='ltr'>qui</span> <span class='ocrx_word' id='word_1_242' title='bbox 1435 3262 1623 3321; x_wconf 83' lang='lat' dir='ltr'>inscribitur:</span> <span class='ocrx_word' id='word_1_243' title='bbox 1652 3263 1730 3320; x_wconf 93' lang='lat' dir='ltr'>Ioh.</span> 
     </span>
     <span class='ocr_line' id='line_1_27' title="bbox 348 3345 1732 3425; baseline 0 -19"><span class='ocrx_word' id='word_1_244' title='bbox 348 3345 549 3406; x_wconf 85' lang='lat' dir='ltr'>Baithasar</span> <span class='ocrx_word' id='word_1_245' title='bbox 579 3349 788 3425; x_wconf 80' lang='lat' dir='ltr'>Schuppius</span> <span class='ocrx_word' id='word_1_246' title='bbox 825 3347 887 3405; x_wconf 92' lang='lat' dir='ltr'>ein</span> <span class='ocrx_word' id='word_1_247' title='bbox 916 3345 1112 3406; x_wconf 80' lang='lat' dir='ltr'>Vorliiulsr</span> <span class='ocrx_word' id='word_1_248' title='bbox 1148 3347 1324 3422; x_wconf 83' lang='lat' dir='ltr'>Speners,</span> <span class='ocrx_word' id='word_1_249' title='bbox 1362 3347 1472 3420; x_wconf 88' lang='lat' dir='ltr'>edidit,</span> <span class='ocrx_word' id='word_1_250' title='bbox 1503 3367 1583 3406; x_wconf 90' lang='lat' dir='ltr'>nunc</span> <span class='ocrx_word' id='word_1_251' title='bbox 1619 3348 1732 3422; x_wconf 87' lang='lat' dir='ltr'>collega</span> 
     </span>
     <span class='ocr_line' id='line_1_28' title="bbox 349 3433 808 3510; baseline 0.009 -21"><span class='ocrx_word' id='word_1_252' title='bbox 349 3433 499 3510; x_wconf 75' lang='lat' dir='ltr'>gymnasii</span> <span class='ocrx_word' id='word_1_253' title='bbox 515 3433 738 3492; x_wconf 81' lang='lat' dir='ltr'>Hersfeldensis</span> <span class='ocrx_word' id='word_1_254' title='bbox 754 3437 808 3493; x_wconf 88' lang='lat' dir='ltr'>ost.</span> 
     </span>
    </p>
   </div>
   <div class='ocr_carea' id='block_1_9' title="bbox 348 3531 1735 4216">
    <p class='ocr_par' dir='ltr' id='par_1_10' title="bbox 348 3531 1735 4216">
     <span class='ocr_line' id='line_1_29' title="bbox 773 3531 1306 3594; baseline -0.009 0"><span class='ocrx_word' id='word_1_255' title='bbox 773 3534 953 3594; x_wconf 78' lang='lat' dir='ltr'>CAROLUB</span> <span class='ocrx_word' id='word_1_256' title='bbox 975 3533 1108 3593; x_wconf 83' lang='lat' dir='ltr'>IULIUS</span> <span class='ocrx_word' id='word_1_257' title='bbox 1132 3531 1306 3591; x_wconf 75' lang='lat' dir='ltr'>RICHI&#39;ER</span> 
     </span>
     <span class='ocr_line' id='line_1_30' title="bbox 348 3617 1735 3698; baseline 0.001 -21"><span class='ocrx_word' id='word_1_258' title='bbox 348 3622 437 3678; x_wconf 90' lang='lat' dir='ltr'>natus</span> <span class='ocrx_word' id='word_1_259' title='bbox 452 3619 614 3679; x_wconf 85' lang='lat' dir='ltr'>Neosslzae</span> <span class='ocrx_word' id='word_1_260' title='bbox 631 3622 659 3680; x_wconf 85' lang='lat' dir='ltr'>d.</span> <span class='ocrx_word' id='word_1_261' title='bbox 675 3619 746 3679; x_wconf 89' lang='lat' dir='ltr'>XX.</span> <span class='ocrx_word' id='word_1_262' title='bbox 763 3639 856 3682; x_wconf 87' lang='lat' dir='ltr'>mens.</span> <span class='ocrx_word' id='word_1_263' title='bbox 872 3623 949 3694; x_wconf 83' lang='lat' dir='ltr'>Aug·</span> <span class='ocrx_word' id='word_1_264' title='bbox 973 3639 998 3678; x_wconf 89' lang='lat' dir='ltr'>a.</span> <span class='ocrx_word' id='word_1_265' title='bbox 1014 3619 1110 3676; x_wconf 89' lang='lat' dir='ltr'>XLII.</span> <span class='ocrx_word' id='word_1_266' title='bbox 1133 3627 1216 3695; x_wconf 84' lang='lat' dir='ltr'>patre</span> <span class='ocrx_word' id='word_1_267' title='bbox 1232 3617 1337 3677; x_wconf 80' lang='lat' dir='ltr'>Oarolo</span> <span class='ocrx_word' id='word_1_268' title='bbox 1353 3618 1492 3678; x_wconf 79' lang='lat' dir='ltr'>I&#39;hsaeno</span> <span class='ocrx_word' id='word_1_269' title='bbox 1508 3617 1632 3677; x_wconf 85' lang='lat' dir='ltr'>Richter</span> <span class='ocrx_word' id='word_1_270' title='bbox 1654 3620 1735 3698; x_wconf 88' lang='lat' dir='ltr'>apud</span> 
     </span>
     <span class='ocr_line' id='line_1_31' title="bbox 349 3703 1733 3782; baseline 0.001 -20"><span class='ocrx_word' id='word_1_271' title='bbox 349 3704 549 3764; x_wconf 85' lang='lat' dir='ltr'>Neosalzanoa</span> <span class='ocrx_word' id='word_1_272' title='bbox 571 3711 706 3774; x_wconf 89' lang='lat' dir='ltr'>cantore,</span> <span class='ocrx_word' id='word_1_273' title='bbox 722 3711 816 3764; x_wconf 87' lang='lat' dir='ltr'>matrs</span> <span class='ocrx_word' id='word_1_274' title='bbox 832 3709 967 3779; x_wconf 85' lang='lat' dir='ltr'>Augusta</span> <span class='ocrx_word' id='word_1_275' title='bbox 981 3705 1134 3762; x_wconf 90' lang='lat' dir='ltr'>Ludouica</span> <span class='ocrx_word' id='word_1_276' title='bbox 1150 3723 1165 3762; x_wconf 91' lang='lat' dir='ltr'>s</span> <span class='ocrx_word' id='word_1_277' title='bbox 1182 3710 1270 3778; x_wconf 88' lang='lat' dir='ltr'>genta</span> <span class='ocrx_word' id='word_1_278' title='bbox 1285 3703 1432 3778; x_wconf 87' lang='lat' dir='ltr'>Engleria.</span> <span class='ocrx_word' id='word_1_279' title='bbox 1470 3705 1603 3762; x_wconf 84' lang='lat' dir='ltr'>Primum</span> <span class='ocrx_word' id='word_1_280' title='bbox 1619 3709 1733 3782; x_wconf 81' lang='lat' dir='ltr'>epatre</span> 
     </span>
     <span class='ocr_line' id='line_1_32' title="bbox 348 3789 1734 3866; baseline 0.001 -18"><span class='ocrx_word' id='word_1_281' title='bbox 348 3795 379 3848; x_wconf 90' lang='lat' dir='ltr'>et</span> <span class='ocrx_word' id='word_1_282' title='bbox 394 3793 431 3848; x_wconf 90' lang='lat' dir='ltr'>ab</span> <span class='ocrx_word' id='word_1_283' title='bbox 439 3791 580 3849; x_wconf 87' lang='lat' dir='ltr'>Eduardo</span> <span class='ocrx_word' id='word_1_284' title='bbox 598 3791 706 3866; x_wconf 82' lang='lat' dir='ltr'>Stange</span> <span class='ocrx_word' id='word_1_285' title='bbox 716 3798 779 3848; x_wconf 93' lang='lat' dir='ltr'>tum</span> <span class='ocrx_word' id='word_1_286' title='bbox 795 3791 881 3850; x_wconf 88' lang='lat' dir='ltr'>uerbi</span> <span class='ocrx_word' id='word_1_287' title='bbox 897 3790 994 3848; x_wconf 90' lang='lat' dir='ltr'>diuini</span> <span class='ocrx_word' id='word_1_288' title='bbox 1010 3791 1089 3866; x_wconf 84' lang='lat' dir='ltr'>apud</span> <span class='ocrx_word' id='word_1_289' title='bbox 1105 3789 1303 3848; x_wconf 84' lang='lat' dir='ltr'>Neosalzanos</span> <span class='ocrx_word' id='word_1_290' title='bbox 1315 3789 1454 3848; x_wconf 88' lang='lat' dir='ltr'>ministro</span> <span class='ocrx_word' id='word_1_291' title='bbox 1471 3791 1608 3848; x_wconf 86' lang='lat' dir='ltr'>eruditus</span> <span class='ocrx_word' id='word_1_292' title='bbox 1624 3809 1734 3850; x_wconf 91' lang='lat' dir='ltr'>anuum</span> 
     </span>
     <span class='ocr_line' id='line_1_33' title="bbox 352 3875 1735 3956; baseline 0 -22"><span class='ocrx_word' id='word_1_293' title='bbox 352 3876 562 3950; x_wconf 79' lang='lat' dir='ltr'>aetatisagene</span> <span class='ocrx_word' id='word_1_294' title='bbox 578 3875 681 3936; x_wconf 88' lang='lat' dir='ltr'>XIIII.</span> <span class='ocrx_word' id='word_1_295' title='bbox 698 3876 853 3954; x_wconf 84' lang='lat' dir='ltr'>gymnasio</span> <span class='ocrx_word' id='word_1_296' title='bbox 869 3876 1046 3934; x_wconf 84' lang='lat' dir='ltr'>Zittuuiensi</span> <span class='ocrx_word' id='word_1_297' title='bbox 1063 3875 1190 3933; x_wconf 87' lang='lat' dir='ltr'>traditus</span> <span class='ocrx_word' id='word_1_298' title='bbox 1206 3881 1252 3933; x_wconf 89' lang='lat' dir='ltr'>est</span> <span class='ocrx_word' id='word_1_299' title='bbox 1274 3879 1303 3933; x_wconf 87' lang='lat' dir='ltr'>et</span> <span class='ocrx_word' id='word_1_300' title='bbox 1318 3875 1524 3952; x_wconf 90' lang='lat' dir='ltr'>quinquennio</span> <span class='ocrx_word' id='word_1_301' title='bbox 1547 3881 1649 3936; x_wconf 87' lang='lat' dir='ltr'>exacto</span> <span class='ocrx_word' id='word_1_302' title='bbox 1666 3878 1735 3956; x_wconf 80' lang='lat' dir='ltr'>Lip</span> 
     </span>
     <span class='ocr_line' id='line_1_34' title="bbox 350 3961 1733 4040; baseline 0.002 -21"><span class='ocrx_word' id='word_1_303' title='bbox 350 3961 424 4020; x_wconf 89' lang='lat' dir='ltr'>aiam</span> <span class='ocrx_word' id='word_1_304' title='bbox 439 3963 525 4021; x_wconf 88' lang='lat' dir='ltr'>uenit</span> <span class='ocrx_word' id='word_1_305' title='bbox 539 3961 708 4038; x_wconf 87' lang='lat' dir='ltr'>theologiae</span> <span class='ocrx_word' id='word_1_306' title='bbox 723 3981 841 4040; x_wconf 90' lang='lat' dir='ltr'>operam</span> <span class='ocrx_word' id='word_1_307' title='bbox 858 3963 991 4034; x_wconf 85' lang='lat' dir='ltr'>daturus,</span> <span class='ocrx_word' id='word_1_308' title='bbox 1008 3961 1062 4019; x_wconf 91' lang='lat' dir='ltr'>ubi</span> <span class='ocrx_word' id='word_1_309' title='bbox 1078 3963 1132 4018; x_wconf 94' lang='lat' dir='ltr'>hos</span> <span class='ocrx_word' id='word_1_310' title='bbox 1147 3966 1352 4037; x_wconf 81' lang='lat' dir='ltr'>praeceptores</span> <span class='ocrx_word' id='word_1_311' title='bbox 1368 3962 1474 4020; x_wconf 89' lang='lat' dir='ltr'>habuit</span> <span class='ocrx_word' id='word_1_312' title='bbox 1487 3962 1583 4034; x_wconf 81' lang='lat' dir='ltr'>Iboh,</span> <span class='ocrx_word' id='word_1_313' title='bbox 1608 3963 1733 4035; x_wconf 87' lang='lat' dir='ltr'>Kahnis,</span> 
     </span>
     <span class='ocr_line' id='line_1_35' title="bbox 350 4046 1735 4124; baseline 0.001 -18"><span class='ocrx_word' id='word_1_314' title='bbox 350 4046 511 4120; x_wconf 85' lang='lat' dir='ltr'>Briiclrnar,</span> <span class='ocrx_word' id='word_1_315' title='bbox 528 4049 692 4122; x_wconf 82' lang='lat' dir='ltr'>Luthardt,</span> <span class='ocrx_word' id='word_1_316' title='bbox 711 4053 828 4124; x_wconf 80' lang='lat' dir='ltr'>Anger,</span> <span class='ocrx_word' id='word_1_317' title='bbox 853 4047 989 4119; x_wconf 76' lang='lat' dir='ltr'>Iechler,</span> <span class='ocrx_word' id='word_1_318' title='bbox 1013 4047 1175 4114; x_wconf 82' lang='lat' dir='ltr'>Holmann‚</span> <span class='ocrx_word' id='word_1_319' title='bbox 1198 4047 1325 4106; x_wconf 87' lang='lat' dir='ltr'>Weisse.</span> <span class='ocrx_word' id='word_1_320' title='bbox 1362 4047 1543 4106; x_wconf 83' lang='lat' dir='ltr'>A.LX1111.</span> <span class='ocrx_word' id='word_1_321' title='bbox 1560 4050 1735 4109; x_wconf 87' lang='lat' dir='ltr'>candidatus</span> 
     </span>
     <span class='ocr_line' id='line_1_36' title="bbox 350 4132 1734 4216; baseline 0.001 -25"><span class='ocrx_word' id='word_1_322' title='bbox 350 4133 520 4210; x_wconf 86' lang='lat' dir='ltr'>theologiae</span> <span class='ocrx_word' id='word_1_323' title='bbox 533 4133 629 4192; x_wconf 81' lang='lat' dir='ltr'>factus</span> <span class='ocrx_word' id='word_1_324' title='bbox 637 4137 668 4193; x_wconf 90' lang='lat' dir='ltr'>et</span> <span class='ocrx_word' id='word_1_325' title='bbox 676 4139 851 4212; x_wconf 87' lang='lat' dir='ltr'>praeceptor</span> <span class='ocrx_word' id='word_1_326' title='bbox 859 4133 891 4191; x_wconf 93' lang='lat' dir='ltr'>in</span> <span class='ocrx_word' id='word_1_327' title='bbox 900 4133 1001 4192; x_wconf 86' lang='lat' dir='ltr'>schola</span> <span class='ocrx_word' id='word_1_328' title='bbox 1012 4132 1177 4210; x_wconf 85' lang='lat' dir='ltr'>puellarum</span> <span class='ocrx_word' id='word_1_329' title='bbox 1187 4132 1336 4192; x_wconf 86' lang='lat' dir='ltr'>senatoria</span> <span class='ocrx_word' id='word_1_330' title='bbox 1343 4133 1476 4216; x_wconf 75' lang='lat' dir='ltr'>Drasdea</span> <span class='ocrx_word' id='word_1_331' title='bbox 1488 4134 1668 4194; x_wconf 87' lang='lat' dir='ltr'>constitutus</span> <span class='ocrx_word' id='word_1_332' title='bbox 1680 4139 1734 4194; x_wconf 86' lang='lat' dir='ltr'>ast.</span> 
     </span>
    </p>
   </div>
   <div class='ocr_carea' id='block_1_10' title="bbox 349 4235 1736 5002">
    <p class='ocr_par' dir='ltr' id='par_1_11' title="bbox 349 4235 1736 5002">
     <span class='ocr_line' id='line_1_37' title="bbox 862 4235 1224 4294; baseline -0.003 0"><span class='ocrx_word' id='word_1_333' title='bbox 862 4235 1029 4294; x_wconf 83' lang='lat' dir='ltr'>DE&#39;IMAR</span> <span class='ocrx_word' id='word_1_334' title='bbox 1050 4235 1224 4294; x_wconf 82' lang='lat' dir='ltr'>SOHMIDT</span> 
     </span>
     <span class='ocr_line' id='line_1_38' title="bbox 349 4319 1735 4398; baseline 0.002 -20"><span class='ocrx_word' id='word_1_335' title='bbox 349 4323 437 4378; x_wconf 91' lang='lat' dir='ltr'>natus</span> <span class='ocrx_word' id='word_1_336' title='bbox 453 4321 481 4377; x_wconf 93' lang='lat' dir='ltr'>d.</span> <span class='ocrx_word' id='word_1_337' title='bbox 496 4319 563 4381; x_wconf 88' lang='lat' dir='ltr'>XV.</span> <span class='ocrx_word' id='word_1_338' title='bbox 579 4339 672 4380; x_wconf 89' lang='lat' dir='ltr'>mens.</span> <span class='ocrx_word' id='word_1_339' title='bbox 688 4321 760 4380; x_wconf 85' lang='lat' dir='ltr'>Mai.</span> <span class='ocrx_word' id='word_1_340' title='bbox 775 4341 800 4380; x_wconf 89' lang='lat' dir='ltr'>a.</span> <span class='ocrx_word' id='word_1_341' title='bbox 817 4321 966 4380; x_wconf 89' lang='lat' dir='ltr'>XXXIX.</span> <span class='ocrx_word' id='word_1_342' title='bbox 983 4321 1121 4391; x_wconf 76' lang='lat' dir='ltr'>(Incisae,</span> <span class='ocrx_word' id='word_1_343' title='bbox 1145 4339 1203 4398; x_wconf 92' lang='lat' dir='ltr'>qua</span> <span class='ocrx_word' id='word_1_344' title='bbox 1221 4320 1254 4378; x_wconf 93' lang='lat' dir='ltr'>in</span> <span class='ocrx_word' id='word_1_345' title='bbox 1270 4321 1344 4380; x_wconf 88' lang='lat' dir='ltr'>urbe</span> <span class='ocrx_word' id='word_1_346' title='bbox 1362 4324 1447 4398; x_wconf 89' lang='lat' dir='ltr'>pater</span> <span class='ocrx_word' id='word_1_347' title='bbox 1467 4322 1631 4382; x_wconf 89' lang='lat' dir='ltr'>sacerdotis</span> <span class='ocrx_word' id='word_1_348' title='bbox 1647 4322 1735 4398; x_wconf 89' lang='lat' dir='ltr'>primi</span> 
     </span>
     <span class='ocr_line' id='line_1_39' title="bbox 350 4399 1735 4486; baseline 0.002 -22"><span class='ocrx_word' id='word_1_349' title='bbox 350 4423 472 4464; x_wconf 84' lang='lat' dir='ltr'>munere</span> <span class='ocrx_word' id='word_1_350' title='bbox 487 4405 636 4482; x_wconf 81' lang='lat' dir='ltr'>iungitur,</span> <span class='ocrx_word' id='word_1_351' title='bbox 660 4413 728 4484; x_wconf 91' lang='lat' dir='ltr'>post</span> <span class='ocrx_word' id='word_1_352' title='bbox 742 4408 867 4486; x_wconf 88' lang='lat' dir='ltr'>primam</span> <span class='ocrx_word' id='word_1_353' title='bbox 882 4407 1072 4466; x_wconf 89' lang='lat' dir='ltr'>domesticam</span> <span class='ocrx_word' id='word_1_354' title='bbox 1096 4413 1126 4466; x_wconf 90' lang='lat' dir='ltr'>at</span> <span class='ocrx_word' id='word_1_355' title='bbox 1147 4407 1297 4484; x_wconf 91' lang='lat' dir='ltr'>publicam</span> <span class='ocrx_word' id='word_1_356' title='bbox 1319 4399 1506 4484; x_wconf 89' lang='lat' dir='ltr'>disciplinam</span> <span class='ocrx_word' id='word_1_357' title='bbox 1530 4407 1562 4465; x_wconf 90' lang='lat' dir='ltr'>iu</span> <span class='ocrx_word' id='word_1_358' title='bbox 1577 4409 1674 4484; x_wconf 87' lang='lat' dir='ltr'>patria</span> <span class='ocrx_word' id='word_1_359' title='bbox 1696 4409 1735 4467; x_wconf 89' lang='lat' dir='ltr'>oi·</span> 
     </span>
     <span class='ocr_line' id='line_1_40' title="bbox 349 4489 1736 4570; baseline 0.004 -22"><span class='ocrx_word' id='word_1_360' title='bbox 349 4489 446 4549; x_wconf 88' lang='lat' dir='ltr'>nitate</span> <span class='ocrx_word' id='word_1_361' title='bbox 467 4491 633 4550; x_wconf 85' lang='lat' dir='ltr'>absolutam</span> <span class='ocrx_word' id='word_1_362' title='bbox 655 4495 808 4570; x_wconf 86' lang='lat' dir='ltr'>gymnasio</span> <span class='ocrx_word' id='word_1_363' title='bbox 834 4493 988 4553; x_wconf 87' lang='lat' dir='ltr'>Plauiensi</span> <span class='ocrx_word' id='word_1_364' title='bbox 1016 4492 1144 4552; x_wconf 86' lang='lat' dir='ltr'>traditus</span> <span class='ocrx_word' id='word_1_365' title='bbox 1168 4497 1213 4551; x_wconf 89' lang='lat' dir='ltr'>est</span> <span class='ocrx_word' id='word_1_366' title='bbox 1236 4511 1262 4549; x_wconf 88' lang='lat' dir='ltr'>a.</span> <span class='ocrx_word' id='word_1_367' title='bbox 1283 4491 1380 4550; x_wconf 91' lang='lat' dir='ltr'>LIIII.</span> <span class='ocrx_word' id='word_1_368' title='bbox 1425 4491 1501 4550; x_wconf 86' lang='lat' dir='ltr'>Inde</span> <span class='ocrx_word' id='word_1_369' title='bbox 1516 4493 1647 4570; x_wconf 89' lang='lat' dir='ltr'>Lipsiam</span> <span class='ocrx_word' id='word_1_370' title='bbox 1669 4501 1736 4570; x_wconf 90' lang='lat' dir='ltr'>post</span> 
     </span>
     <span class='ocr_line' id='line_1_41' title="bbox 352 4575 1734 4656; baseline 0.004 -23"><span class='ocrx_word' id='word_1_371' title='bbox 352 4575 590 4652; x_wconf 86' lang='lat' dir='ltr'>quinquennium</span> <span class='ocrx_word' id='word_1_372' title='bbox 605 4577 691 4636; x_wconf 89' lang='lat' dir='ltr'>uenit</span> <span class='ocrx_word' id='word_1_373' title='bbox 705 4597 739 4637; x_wconf 90' lang='lat' dir='ltr'>ao</span> <span class='ocrx_word' id='word_1_374' title='bbox 753 4579 922 4653; x_wconf 87' lang='lat' dir='ltr'>theologiae</span> <span class='ocrx_word' id='word_1_375' title='bbox 939 4583 969 4637; x_wconf 88' lang='lat' dir='ltr'>et</span> <span class='ocrx_word' id='word_1_376' title='bbox 984 4577 1192 4656; x_wconf 83' lang='lat' dir='ltr'>philosophiae</span> <span class='ocrx_word' id='word_1_377' title='bbox 1215 4577 1316 4636; x_wconf 89' lang='lat' dir='ltr'>studio</span> <span class='ocrx_word' id='word_1_378' title='bbox 1337 4579 1445 4636; x_wconf 86' lang='lat' dir='ltr'>ductus</span> <span class='ocrx_word' id='word_1_379' title='bbox 1460 4578 1508 4636; x_wconf 87' lang='lat' dir='ltr'>his</span> <span class='ocrx_word' id='word_1_380' title='bbox 1524 4578 1598 4636; x_wconf 91' lang='lat' dir='ltr'>uiris</span> <span class='ocrx_word' id='word_1_381' title='bbox 1615 4599 1734 4656; x_wconf 90' lang='lat' dir='ltr'>operam</span> 
     </span>
     <span class='ocr_line' id='line_1_42' title="bbox 351 4661 1736 4742; baseline 0.004 -23"><span class='ocrx_word' id='word_1_382' title='bbox 351 4661 438 4720; x_wconf 90' lang='lat' dir='ltr'>dedit</span> <span class='ocrx_word' id='word_1_383' title='bbox 452 4663 609 4734; x_wconf 87' lang='lat' dir='ltr'>Kahnisio‚</span> <span class='ocrx_word' id='word_1_384' title='bbox 624 4663 799 4737; x_wconf 88' lang='lat' dir='ltr'>Luthardto,</span> <span class='ocrx_word' id='word_1_385' title='bbox 816 4666 854 4724; x_wconf 91' lang='lat' dir='ltr'>de</span> <span class='ocrx_word' id='word_1_386' title='bbox 868 4666 1039 4736; x_wconf 83' lang='lat' dir='ltr'>Zeschwitr,</span> <span class='ocrx_word' id='word_1_387' title='bbox 1054 4665 1235 4736; x_wconf 81' lang='lat' dir='ltr'>Briiclrnero,</span> <span class='ocrx_word' id='word_1_388' title='bbox 1254 4661 1392 4734; x_wconf 87' lang='lat' dir='ltr'>Weissio,</span> <span class='ocrx_word' id='word_1_389' title='bbox 1410 4663 1584 4736; x_wconf 85' lang='lat' dir='ltr'>Fritzschio,</span> <span class='ocrx_word' id='word_1_390' title='bbox 1600 4671 1670 4742; x_wconf 91' lang='lat' dir='ltr'>post</span> <span class='ocrx_word' id='word_1_391' title='bbox 1683 4665 1736 4724; x_wconf 83' lang='lat' dir='ltr'>Er·</span> 
     </span>
     <span class='ocr_line' id='line_1_43' title="bbox 350 4745 1734 4822; baseline 0.002 -16"><span class='ocrx_word' id='word_1_392' title='bbox 350 4745 455 4821; x_wconf 85' lang='lat' dir='ltr'>langas</span> <span class='ocrx_word' id='word_1_393' title='bbox 474 4748 594 4806; x_wconf 85' lang='lat' dir='ltr'>audiuit</span> <span class='ocrx_word' id='word_1_394' title='bbox 607 4748 836 4822; x_wconf 80' lang='lat' dir='ltr'>Hoffmannum,</span> <span class='ocrx_word' id='word_1_395' title='bbox 854 4751 1083 4822; x_wconf 83' lang='lat' dir='ltr'>Delitrschium,</span> <span class='ocrx_word' id='word_1_396' title='bbox 1100 4749 1308 4818; x_wconf 77' lang='lat' dir='ltr'>Thomasium‚</span> <span class='ocrx_word' id='word_1_397' title='bbox 1329 4749 1544 4820; x_wconf 85' lang='lat' dir='ltr'>Hernackium,</span> <span class='ocrx_word' id='word_1_398' title='bbox 1562 4751 1734 4810; x_wconf 82' lang='lat' dir='ltr'>Franhium.</span> 
     </span>
     <span class='ocr_line' id='line_1_44' title="bbox 350 4833 1736 4914; baseline 0.003 -23"><span class='ocrx_word' id='word_1_399' title='bbox 350 4833 425 4893; x_wconf 87' lang='lat' dir='ltr'>Post</span> <span class='ocrx_word' id='word_1_400' title='bbox 439 4833 569 4911; x_wconf 91' lang='lat' dir='ltr'>Lipsiam</span> <span class='ocrx_word' id='word_1_401' title='bbox 585 4835 678 4894; x_wconf 83' lang='lat' dir='ltr'>rediit</span> <span class='ocrx_word' id='word_1_402' title='bbox 692 4840 723 4894; x_wconf 90' lang='lat' dir='ltr'>st</span> <span class='ocrx_word' id='word_1_403' title='bbox 737 4841 894 4914; x_wconf 90' lang='lat' dir='ltr'>postquam</span> <span class='ocrx_word' id='word_1_404' title='bbox 910 4837 1033 4896; x_wconf 83' lang='lat' dir='ltr'>Greiaes</span> <span class='ocrx_word' id='word_1_405' title='bbox 1049 4856 1173 4896; x_wconf 86' lang='lat' dir='ltr'>examen</span> <span class='ocrx_word' id='word_1_406' title='bbox 1188 4835 1355 4909; x_wconf 85' lang='lat' dir='ltr'>theologiae</span> <span class='ocrx_word' id='word_1_407' title='bbox 1370 4834 1507 4908; x_wconf 86' lang='lat' dir='ltr'>absoluit,</span> <span class='ocrx_word' id='word_1_408' title='bbox 1524 4835 1666 4913; x_wconf 88' lang='lat' dir='ltr'>priuatim</span> <span class='ocrx_word' id='word_1_409' title='bbox 1682 4837 1736 4895; x_wconf 90' lang='lat' dir='ltr'>ali-</span> 
     </span>
     <span class='ocr_line' id='line_1_45' title="bbox 352 4919 1734 5002; baseline 0.002 -25"><span class='ocrx_word' id='word_1_410' title='bbox 352 4919 496 4994; x_wconf 89' lang='lat' dir='ltr'>quamdiu</span> <span class='ocrx_word' id='word_1_411' title='bbox 518 4919 633 4980; x_wconf 88' lang='lat' dir='ltr'>littsras</span> <span class='ocrx_word' id='word_1_412' title='bbox 657 4921 768 4980; x_wconf 86' lang='lat' dir='ltr'>docuit</span> <span class='ocrx_word' id='word_1_413' title='bbox 813 4923 961 5000; x_wconf 89' lang='lat' dir='ltr'>Deinceps</span> <span class='ocrx_word' id='word_1_414' title='bbox 977 4923 1100 4984; x_wconf 80' lang='lat' dir='ltr'>Greiaae</span> <span class='ocrx_word' id='word_1_415' title='bbox 1115 4920 1316 5002; x_wconf 85' lang='lat' dir='ltr'>praeceptoris</span> <span class='ocrx_word' id='word_1_416' title='bbox 1331 4920 1441 4998; x_wconf 88' lang='lat' dir='ltr'>publici</span> <span class='ocrx_word' id='word_1_417' title='bbox 1465 4941 1572 4982; x_wconf 92' lang='lat' dir='ltr'>munus</span> <span class='ocrx_word' id='word_1_418' title='bbox 1595 4923 1734 4998; x_wconf 90' lang='lat' dir='ltr'>suscepit.</span> 
     </span>
    </p>
   </div>
   <div class='ocr_carea' id='block_1_11' title="bbox 0 0 2445 6532">
    <p class='ocr_par' dir='ltr' id='par_1_12' title="bbox 0 0 2445 6532">
     <span class='ocr_line' id='line_1_46' title="bbox 0 0 2445 6532; baseline 0 0"><span class='ocrx_word' id='word_1_419' title='bbox 0 0 2445 6532; x_wconf 95' lang='lat' dir='ltr'> </span> 
     </span>
    </p>
   </div>
  </div>
 </body>
</html>
