4880 6538
1196 959 1646 1030 .......24-.--

727 1174 827 1222 marat
857 1163 923 1229 Quo
941 1187 1033 1228 auare
1048 1180 1144 1228 minan
1160 1176 1275 1226 tantum
1289 1161 1364 1223 aluit
1379 1167 1413 1221 ut
1427 1162 1644 1236 defatigaretur
1664 1166 1697 1221 ut
1719 1182 1809 1240 quum
1831 1165 1948 1239 tempus
1971 1161 2105 1222 uenisset

725 1249 857 1324 aptandi.
875 1267 965 1326 quam
981 1253 1061 1314 uitae
1077 1253 1281 1312 condicionem
1297 1249 1382 1325 sequi
1399 1248 1501 1320 uellet,
1518 1267 1634 1308 omnam
1649 1249 1731 1307 uitas
1747 1267 1864 1306 cursum
1880 1249 1913 1306 in
1929 1248 2103 1308 erudiendis

726 1335 828 1412 pueris
844 1337 991 1398 annnam
1007 1339 1209 1398 ainsdtucrct.
1241 1337 1302 1394 Hac
1316 1339 1414 1392 mente
1431 1335 1522 1392 Halae
1538 1334 1688 1392 Saxonum
1710 1333 1860 1407 migrauit,
1875 1337 1910 1392 ut
1924 1333 2105 1410 philologiae

726 1421 860 1480 studium
876 1423 1076 1500 profiteretur.
1099 1442 1157 1500 quo
1174 1423 1206 1480 in
1221 1419 1319 1480 studio
1336 1420 1364 1478 ei
1380 1422 1471 1478 duces
1484 1421 1605 1478 suerunt
1620 1420 1804 1496 Bernhardy,
1822 1419 1922 1491 Biana,
1945 1420 2103 1490 Erdmann,

726 1507 811 1573 l‘ctt.
839 1507 929 1568 Rosa.
959 1509 1067 1582 Ilcrgh,
1093 1508 1121 1566 is
1152 1507 1291 1576 mariana,
1319 1507 1396 1574 Leo,
1422 1505 1455 1563 in
1481 1504 1640 1563 seminario
1664 1504 1844 1582 philologiae
1875 1505 2106 1562 moderabantur

726 1592 792 1650 rius
814 1591 1047 1650 exercitationes
1062 1593 1236 1669 Bernhardy
1260 1597 1289 1650 at
1309 1591 1417 1664 Bergk,
1441 1590 1596 1663 theologos
1618 1590 1737 1648 audiuIt
1761 1589 1958 1648 Tholuckium
1979 1593 2010 1647 et
2030 1587 2107 1646 Mul-

725 1677 828 1734 ierum.
860 1679 1012 1734 Autumno
1028 1695 1052 1734 a.
1070 1679 1176 1736 Lvnl.
1194 1675 1367 1736 Berolinnm
1383 1676 1532 1752 proiectus
1547 1675 1651 1752 ibique
1667 1675 1820 1734 historicis
1840 1674 1952 1732 scholis
1970 1673 2107 1732 Hirschii

725 1759 875 1830 interluit,
892 1761 1009 1819 litteras
1025 1763 1164 1838 priratim
1179 1761 1325 1826 tractauit,
1341 1780 1449 1838 pucros
1465 1761 1601 1820 mercede
1617 1761 1727 1818 docuit.
1771 1761 1848 1818 Uere
1872 1779 1898 1817 a.
1914 1759 1977 1818 LX.
1994 1758 2103 1818 medici

726 1847 960 1920 bamburgensis
976 1845 1071 1906 lilium
1086 1850 1122 1906 ed
1139 1847 1237 1907 studia
1252 1847 1429 1905 Academica
1451 1845 1611 1905 Iniormare
1632 1845 1739 1922 coepit.
1785 1845 1908 1903 Duobus
1929 1845 2014 1903 annis
2037 1851 2106 1920 post

725 1935 833 1990 l'actum
845 1939 899 2004 cst,
913 1941 945 1990 ut
957 1931 1037 1990 idem
1049 1933 1105 2006 uir,
1123 1934 1175 2011 qui
1186 1952 1251 1992 enm
1265 1933 1432 2008 perdecem
1447 1950 1540 1991 annos
1557 1935 1587 1990 et
1601 1931 1725 1990 consilio
1743 1935 1773 1989 at
1787 1949 1819 1988 re
1834 1930 1960 1999 iuuaret,
1977 1931 2105 2003 Fnhng.

728 2017 881 2092 hieracio,
907 2018 958 2096 qui
979 2026 1042 2077 tum
1058 2021 1176 2078 scholae
1191 2009 1313 2077 Latinae
1330 2017 1470 2076 Halensis
1486 2021 1580 2076 rector
1595 2022 1670 2088 erat,
1687 2017 1745 2074 iem
1768 2021 1871 2075 noster
1885 2015 1980 2074 iactus
2002 2017 2061 2086 ost,
2077 2013 2107 2072 ei

728 2104 888 2176 mandaret,
905 2111 939 2164 ut
953 2105 986 2163 in
1000 2103 1053 2162 illa
1064 2103 1128 2182 ipsa
1140 2103 1240 2164 schola
1252 2101 1381 2176 collegae
1392 2121 1500 2162 munus
1512 2103 1684 2180 susciperet,
1701 2120 1760 2178 qno
1772 2102 1805 2160 in
1820 2121 1941 2160 munera
1952 2100 2103 2175 iungendo

728 2191 816 2250 etiarm
833 2209 911 2250 nunc
927 2195 1071 2250 uersatur.

1232 2306 1408 2364 IOANNES
1431 2307 1599 2366 LISSNIIR

727 2404 813 2454 uatus
834 2393 866 2452 in
886 2393 952 2452 nico
969 2393 1099 2452 Nixdorl
1115 2391 1148 2451 in
1163 2391 1305 2450 Bohemia
1325 2393 1353 2449 d.
1376 2392 1415 2449 X.
1432 2412 1523 2452 mens.
1546 2393 1617 2451 Dec.
1639 2412 1664 2450 a.
1680 2391 1799 2450 XXIX.
1818 2397 1901 2470 patre
1922 2391 2025 2448 Frena.
2046 2390 2105 2448 Ios.

727 2480 850 2540 Lissner
865 2479 1002 2554 agricola,
1018 2483 1109 2538 matre
1123 2481 1238 2550 Agnete
1254 2495 1269 2534 e
1284 2483 1372 2550 gente
1382 2477 1542 2548 Fischeria,
1561 2479 1789 2554 post-puerilem
1800 2476 2020 2536 institutionem
2035 2474 2107 2534 inde

727 2567 763 2624 ab
779 2585 805 2626 a.
823 2565 919 2625 XLII.
935 2563 1120 2644 gymnasium
1135 2562 1366 2621 Litomerioense
1382 2562 1594 2639 frequentauit,
1611 2568 1675 2622 tum
1690 2583 1715 2620 a.
1732 2564 1764 2620 L.
1780 2565 1905 2638 Pragam
1921 2581 1953 2620 se
1968 2561 2104 2632 contulit,

728 2663 760 2710 ut
776 2651 957 2730 philologiae
973 2668 1091 2727 operam
1114 2651 1246 2706 nauaret.
1294 2648 1341 2706 Ibi
1364 2649 1398 2707 G.
1416 2649 1562 2720 Curtium,
1579 2653 1614 2706 Δ.
1633 2649 1865 2720 Schleicherum,
1890 2653 1926 2706 A.
1944 2647 2107 2720 Hahnium,

728 2743 830 2815 pintan
852 2737 942 2796 etiam
963 2734 1133 2804 liocflerum
1155 2737 1185 2791 et
1203 2733 1378 2810 Bippartum
1398 2734 1518 2792 audiuit
1541 2739 1630 2809 atque
1651 2734 1761 2811 optime
1788 2736 1825 2792 de
1855 2752 1886 2792 se
1903 2732 2048 2792 meruisse
2072 2733 2106 2791 G.

729 2821 864 2880 l‘urtium
881 2821 1043 2896 profitetur.
1086 2817 1228 2877 Triennio
1244 2821 1362 2893 peracto
1377 2819 1573 2877 Budouiciam
1594 2819 1703 2876 missus
1719 2823 1774 2887 eet,
1794 2822 1829 2878 ut
1843 2817 1957 2876 uicario
1973 2817 2107 2892 magistri

730 2925 849 2966 niunare
865 2906 1046 2980 iungeretur.
1090 2902 1283 2960 Examinibus
1298 2922 1351 2978 pro
1373 2903 1512 2961 facultate
1533 2904 1660 2962 docendi
1681 2903 1797 2962 Interea
1818 2903 1963 2962 absolutis
1982 2924 2008 2978 a.
2024 2904 2107 2962 LIII.

730 2989 876 3072 gymnasii
894 2993 976 3050 Caes.
993 2992 1063 3065 lteg.
1079 2987 1220 3062 Egrensis
1235 2987 1376 3060 magister
1392 2989 1561 3046 ordinarius
1576 2989 1671 3048 Iactus
1687 2995 1740 3047 est

1278 3140 1446 3201 lenaeus
1468 3143 1556 3200 IIAY

731 3231 1046 3292 GrossuImmernensis
1062 3247 1098 3288 ex
1113 3226 1222 3285 Hassis
1237 3226 1455 3298 Darmstsdina‚
1471 3233 1559 3288 natus
1580 3231 1608 3286 d.
1625 3230 1648 3288 1.
1673 3247 1765 3287 mene.
1780 3229 1844 3286 Ian.
1866 3247 1891 3285 a.
1914 3227 2011 3286 XLII.
2027 3233 2111 3306 patre

729 3319 857 3394 Iosepho
873 3319 953 3394 bIay,
971 3321 1093 3376 matres
1114 3317 1202 3386 gente
1223 3313 1386 3382 Strauseia,
1409 3313 1546 3372 addictus
1567 3320 1612 3373 est
1633 3314 1809 3390 disciplinae
1836 3313 1984 3372 Iudaicae.
2022 3317 2053 3373 Is
2074 3315 2111 3373 ab

730 3423 755 3462 a.
772 3403 852 3462 LIX.
869 3403 1035 3481 perplures
1051 3417 1143 3458 annos
1158 3399 1347 3475 gymnasium
1360 3400 1600 3457 llarmstadinum
1613 3399 1824 3477 frequentqut,
1840 3418 1865 3456 a.
1883 3399 1978 3457 LXII.
1994 3399 2026 3456 in
2042 3401 2109 3458 uni·

730 3489 903 3548 uarsItatani
920 3488 976 3545 litt.
994 3484 1165 3546 Uiadrinam
1181 3502 1212 3540 se
1228 3483 1365 3552 contulit,
1382 3483 1436 3540 ubi
1451 3489 1655 3559 praeceptores
1671 3488 1724 3542 hos
1741 3485 1845 3543 habult
1859 3484 1990 3556 Brauiss,
2008 3485 2108 3558 Hertz,

731 3575 1067 3652 Ilcepell,1unlmann,
1085 3569 1254 3637 Noumenn,
1272 3567 1493 3640 Schmoelders,
1510 3569 1643 3642 Schultz,
1661 3570 1873 3648 Heidenhayn,
1891 3569 2024 3644 Magnus,
2040 3572 2109 3630 Ber-

732 3679 813 3740 nays,
832 3661 947 3728 liarow,
964 3659 1067 3724 Oauer,
1084 3653 1219 3728 Oginski,
1234 3654 1351 3710 Probet.

1190 3807 1428 3866 THEODORUS
1452 3807 1651 3866 SCHLEGEL

733 3901 768 3958 dc
785 3899 847 3956 uita
862 3918 915 3958 sua
931 3901 1002 3956 haec
1017 3895 1078 3954 iere
1094 3893 1132 3951 ad
1147 3911 1202 3949 nos
1218 3893 1350 3970 scripsit:
1363 3880 1472 3952 ‘Natus
1485 3913 1550 3951 enm
1565 3893 1690 3952 Naissus
1701 3893 1730 3950 d.
1744 3893 1862 3951 XXIX.
1878 3913 1971 3954 mens.
1989 3895 2069 3974 Sept.
2086 3915 2113 3954 a.

731 3983 812 4042 XLI.
837 3983 1009 4060 parentibus
1027 3982 1134 4040 Oscaro
1156 3977 1290 4051 schlegel
1305 3977 1412 4036 Silesio
1435 3981 1469 4035 et'
1485 3981 1601 4052 Agneta
1622 3997 1638 4036 e
1657 3983 1745 4052 gente
1766 3977 1888 4036 Raetica
1909 3979 2053 4042 Salluzzo.
2072 4013 2110 4022 -

732 4067 841 4127 Primis
862 4067 1029 4126 litterarum
1051 4063 1205 4122 elementis
1226 4063 1351 4120 inbutus
1372 4081 1426 4138 per
1446 4061 1529 4122 VIII.
1553 4081 1646 4120 annos
1665 4062 1819 4140 gymnasia
1838 4062 2061 4124 Elisabetanum
2081 4071 2113 4126 et

732 4151 931 4214 Matthianum
957 4149 1154 4227 frequentari.
1200 4149 1302 4206 Mense
1324 4147 1421 4224 Aprili
1442 4165 1468 4204 a.
1489 4146 1586 4206 LXII.
1613 4147 1837 4206 universitatem
1863 4148 1921 4208 litt.
1938 4149 2112 4210 UiadrInanr

732 4237 814 4318 petii.
830 4269 872 4279 -
895 4239 952 4297 Per
966 4237 1024 4296 tria
1040 4234 1194 4294 semestris
1215 4233 1340 4291 interlui
1356 4231 1555 4292 Uratislaniae
1576 4233 1686 4291 scholis
1707 4235 1814 4292 horum
1834 4234 1968 4294 uirorum
1988 4230 2032 4294 ill.
2054 4237 2109 4297 cel.

732 4345 798 4402 exp.
827 4323 961 4400 Roepell,
980 4323 1153 4392 Iunkmanu,
1171 4319 1301 4390 Branias,
1319 4317 1453 4393 Oginslri,
1470 4317 1623 4390 Eluenioh,
1641 4319 1763 4390 Pfeiler,
1775 4319 1914 4379 Riiclrert.
1940 4322 2058 4382 Daiade
2073 4324 2113 4382 ad

733 4411 885 4470 Musarum
905 4411 1004 4469 sedem
1026 4407 1211 4483 Lipsiensem
1231 4423 1278 4462 me
1300 4403 1414 4463 contuli
1431 4407 1462 4461 et
1482 4403 1526 4461 eis
1548 4403 1701 4462 historicis
1721 4404 1909 4480 potissimum
1932 4407 2111 4486 disciplinis,

734 4496 842 4570 quibus
859 4513 975 4554 omnem
991 4493 1143 4552 scientiam
1159 4490 1300 4548 historiae
1316 4490 1373 4547 niti
1390 4491 1518 4560 constat,
1537 4495 1680 4565 quantum
1695 4489 1780 4566 potui
1800 4509 1919 4567 operam
1935 4495 2019 4567 dedi,
2037 4497 2112 4554 duce

732 4579 863 4640 ilenrico
882 4581 1013 4652 Wuttke,
1029 4578 1094 4636 uiro
1110 4575 1323 4648 illustrissimo,
1342 4574 1394 4650 qui
1410 4593 1468 4650 qua
1483 4574 1593 4633 eximia
1608 4580 1654 4634 est
1670 4575 1854 4650 benignitate
1871 4596 1962 4654 quum
1977 4579 2011 4638 in
2026 4579 2112 4640 aemi-

734 4663 851 4722 narium
867 4665 1043 4723 historicum
1060 4683 1105 4721 me
1120 4661 1232 4738 recepit
1247 4667 1309 4719 tum
1325 4665 1370 4718 tot
1382 4659 1451 4718 aliis
1461 4660 1687 4719 beneuolentiae
1699 4662 1887 4723 documentis
1903 4665 1995 4734 anxia
2010 4665 2064 4722 uix
2078 4667 2113 4722 ut

734 4751 872 4824 umquam
893 4749 1009 4808 debitas
1030 4749 1058 4808 ei
1074 4749 1183 4808 referre
1205 4747 1318 4823 possim
1337 4744 1456 4820 gratias.
1502 4747 1606 4822 Neque
1628 4765 1704 4822 quae
1725 4747 1787 4805 uiri
1807 4748 1966 4808 clarissimi
1986 4748 2111 4821 Weisse,

735 4833 865 4904 Curuus,
880 4834 1018 4904 Zarnclre,
1038 4835 1242 4904 Waohsmutb,
1259 4831 1356 4902 Klotz,
1373 4831 1501 4889 Piiclrert
1516 4835 1546 4888 et
1560 4831 1703 4906 priuatim
1719 4837 1749 4892 et
1764 4833 1883 4911 publice
1899 4834 1977 4910 apud
1992 4851 2039 4893 me
2054 4833 2112 4894 col·

734 4919 909 4978 locauerunt
928 4919 1071 4978 beneficis
1091 4919 1153 4978 ulla
1174 4935 1311 4996 umquam
1333 4916 1446 4976 obliuio
1468 4900 1600 4975 delebit’
