4880 6538
1185 1001 1624 1070 „mg-...-

655 1183 658 1188 ’
709 1202 797 1262 recte
813 1195 877 1260 dici
891 1196 1047 1260 leniorem
1063 1195 1232 1272 actionem,
1249 1217 1314 1280 qua
1329 1197 1369 1262 dc
1384 1217 1420 1262 re
1437 1198 1535 1262 etiam
1546 1217 1672 1262 summa
1684 1197 1840 1264 librorum
1852 1205 2022 1270 consensio
2035 1213 2093 1272 est.

707 1305 817 1370 Codex
841 1306 925 1370 enim
946 1306 1175 1389 palimpsestus
1195 1307 1403 1372 Taurinensis
1426 1307 1687 1387 LAENIOREM,
1716 1329 1782 1391 qua
1801 1311 1964 1396 scriptura
1990 1315 2093 1380 maius

706 1414 805 1480 etiam
820 1406 993 1480 discrimen
1008 1416 1093 1480 inter
1109 1436 1203 1482 voces
1214 1417 1356 1484 leuiorem
1371 1423 1405 1482 ot
1419 1419 1559 1484 leniores
1574 1416 1729 1496 efficitur,
1745 1419 1779 1482 in
1793 1419 1850 1483 illo
1870 1421 2001 1504 quidem
2022 1423 2093 1489 iooo

705 1529 861 1611 scriptum
880 1526 994 1602 habet,
1020 1526 1147 1590 codices
1170 1526 1434 1608 Tegernseensis‚
1456 1525 1670 1602 Erfurtensis,
1687 1527 1864 1594 Vaticanus
1888 1551 1960 1596 oum
1975 1551 2092 1616 magno

705 1657 839 1702 numero
856 1636 1056 1700 deteriorum
1071 1636 1229 1700 librorum
1244 1639 1399 1714 leniorem,
1415 1643 1452 1700 ut
1467 1637 1562 1720 pauci
1583 1643 1712 1702 tantum
1732 1637 1829 1703 modo
1851 1639 2023 1706 deterioris
2045 1641 2061 1706 i
2079 1677 2093 1692 ·

705 1747 813 1812 miliae
824 1745 899 1810 libri
910 1745 1105 1829 scripturam
1118 1747 1253 1812 leuiorem
1261 1753 1423 1812 tueantur.
1441 1747 1534 1824 Quod
1542 1751 1652 1812 autem
1663 1747 1735 1814 Car.
1744 1747 1802 1814 Ad.
1809 1747 1968 1815 Iordanus
1979 1757 2094 1816 contra

705 1878 810 1922 meam
822 1855 991 1932 rationem,
1006 1877 1103 1938 quam
1115 1855 1148 1920 iu
1160 1857 1268 1939 priore
1279 1877 1352 1920 mea
1364 1856 1505 1922 editione
1518 1856 1649 1922 secutus
1663 1879 1762 1936 eram,
1775 1864 1809 1923 et
1820 1865 1934 1924 contra
1945 1879 1992 1938 ca,
2009 1881 2092 1943 quae

705 1969 945 2050 disputaveram
960 1965 994 2028 in
1009 1965 1110 2048 praei.
1123 1987 1153 2049 p.
1165 1967 1253 2050 qu,
1277 1987 1360 2049 quae
1376 1967 1474 2031 etiam
1490 1967 1666 2046 Kcilerum,
1682 1988 1778 2050 quem
1791 1967 1867 2032 uide
1882 1967 1903 2032 l.
1919 1989 1946 2032 c.
1962 1991 1993 2052 p.
2009 1976 2090 2048 441,

704 2078 845 2144 mouisse
859 2075 1023 2154 uidentur,
1039 2098 1070 2159 p.
1089 2081 1148 2141 155
1162 2097 1233 2160 sqq.
1250 2075 1311 2140 hoc
1326 2076 1501 2154 contendit,
1518 2083 1658 2160 utroque
1673 2077 1745 2142 loco
1760 2077 1898 2144 eandem
1912 2099 2027 2144 uocem
2041 2099 2092 2144 re·

704 2188 886 2272 cipiendam
900 2185 1019 2262 uideri,
1041 2186 1075 2250 in
1091 2207 1129 2252 oo
1144 2186 1223 2252 'mihi
1239 2187 1288 2250 vir
1313 2187 1530 2252 doctissumus
1550 2187 1683 2252 uidetur
1702 2185 1781 2252 falli.
1824 2187 1862 2252 In
1882 2187 1986 2252 altero
2007 2189 2094 2254 enim

602 2305 606 2318 '
704 2301 775 2364 loco
786 2297 902 2362 iudicis
912 2301 970 2360 aut
983 2297 1223 2378 recuperatoris
1235 2298 1432 2368 vocemzeius
1448 2297 1607 2373 audimus,
1621 2297 1677 2378 qui
1692 2296 1834 2378 quodam
1845 2297 1941 2362 modo
1952 2299 2092 2379 patroci-

637 2479 640 2484 ,
703 2408 776 2474 nari
787 2407 858 2472 uolt
872 2405 944 2472 Sex.
955 2405 1105 2484 Aebutio,
1121 2405 1155 2470 iu
1166 2405 1270 2470 aitero
1280 2405 1323 2470 M.
1335 2405 1459 2470 Tullius
1471 2405 1673 2488 italoquitur
1683 2412 1720 2469 ut
1731 2405 1819 2488 quod
1830 2426 1889 2488 pro
1901 2409 1940 2470 Α.
1954 2406 2093 2472 Caecina

703 2517 804 2584 faciat
818 2535 999 2600 proponere
1014 2515 1155 2580 studeat.
1194 2515 1326 2580 Summo
1347 2515 1447 2598 igitur
1464 2515 1535 2580 iure
1552 2517 1586 2580 in
1602 2514 1706 2580 altero
1720 2515 1793 2580 loco
1808 2515 1918 2582 lecim
1934 2517 2091 2600 scriptum

704 2629 738 2694 in
751 2627 844 2694 libris
859 2632 918 2705 est,
934 2627 968 2690 in
982 2625 1087 2691 altero
1103 2629 1252 2703 leniorem,
1268 2627 1447 2710 eodemque
1461 2627 1532 2692 iure
1544 2627 1629 2692 inter
1644 2625 1834 2690 leuiorem
1849 2626 2043 2692 actionem
2059 2631 2092 2692 et

703 2739 788 2806 inter
807 2737 997 2802 leniorem
1012 2737 1112 2801 statui
1128 2736 1302 2802 discrimen
1321 2737 1441 2820 potuit,
1457 2757 1522 2820 quo
1536 2737 1570 2800 in
1584 2735 1641 2800 illo
1657 2736 1821 2801 Ciceronis
1836 2739 1873 2800 dc
1886 2738 1995 2822 officiis
2009 2736 2090 2814 looo,

694 2868 768 2942 ‘quo
783 2848 853 2931 ipsc
869 2845 1027 2912 Iordanus
1042 2867 1121 2910 usus
1143 2852 1205 2924 est,
1227 2845 1252 2910 1.
1275 2851 1328 2926 24,
1350 2851 1401 2910 82.
1416 2849 1516 2912 hocta
1530 2850 1564 2910 et
1577 2848 1681 2910 &nater
1694 2844 1780 2908 inter
1795 2865 1831 2910 sc
1846 2845 2091 2928 respondentia

703 2957 811 3023 uerbis
830 2957 898 3022 his:
927 2965 1111 3041 quapropter
1127 2959 1159 3021 in
1178 2957 1324 3022 adeundis
1337 2959 1476 3042 perieritis
1491 2955 1669 3022 ιοιιειιιιιιάο
1683 2956 1827 3019 manda
1842 2955 2026 3024 medicomm
2040 2967 2089 3031 ert,

702 3071 756 3154 pui
774 3068 881 3133 leuiter
901 3079 1092 3152 oeprotontcs
1113 3066 1214 3132 irater
1234 3080 1354 3142 want,
1372 3067 1564 3154 praedonibus
1582 3078 1679 3131 ortem
1702 3066 1813 3130 mortu
1833 3067 2017 3152 periculosos
2041 3087 2088 3128 ou·

703 3181 833 3244 racana
856 3187 886 3242 et
914 3179 1056 3262 ancipites
1074 3177 1213 3242 admone
1232 3191 1383 3264 coponium
1428 3175 1500 3241 Huc
1526 3174 1610 3240 adde
1632 3157 1751 3240 Catulli
1778 3195 1877 3240 carm
1898 3173 2088 3239 Lxxxnn.

705 3295 722 3352 7
739 3309 798 3371 sq,
813 3287 870 3354 ubi
885 3291 1025 3368 utraque
1039 3305 1101 3350 vox
1116 3305 1209 3352 suam
1228 3288 1291 3352 rim
1315 3294 1425 3354 serrat
1444 3287 1477 3352 in
1498 3285 1606 3352 verbis
1626 3285 1691 3350 his:
1722 3285 1878 3350 duditant
1895 3285 1999 3350 eodem
2016 3286 2088 3350 doec

704 3402 802 3466 tenter
817 3409 846 3464 ct
861 3399 970 3464 later.

768 3507 919 3591 culta
930 3510 978 3570 10.
994 3506 1075 3571 haec
1086 3506 1329 3572 uerbainlibris
1338 3507 1491 3590 leguntur
1499 3505 1664 3570 omnibus:
1681 3503 1758 3568 Etsi
1763 3505 1848 3588 sone
1863 3503 1985 3568 uidebor
1999 3501 2089 3566 atam

705 3621 825 3684 initium
839 3621 883 3684 rei
896 3617 1148 3682 demonstrandos
1158 3619 1279 3703 petisse,
1295 3641 1387 3703 quom
1400 3641 1448 3684 ure
1458 3619 1534 3682 ratio
1550 3619 1626 3680 iuris
1641 3627 1667 3678 et
1680 3615 1742 3692 ius,
1757 3615 1793 3679 dc
1807 3635 1865 3698 quc
1879 3611 2022 3677 iudicitur
2037 3623 2086 3688 est,

705 3742 731 3794 a
744 3741 853 3794 naara
868 3732 1120 3814 comnenae
1141 3751 1250 3812 pano
1269 3741 1301 3792 a
1319 3703 1485 3814 masaa.
1531 3725 1672 3792 cremus
1690 3723 1724 3788 in
1745 3723 1885 3788 editione
1905 3722 2028 3788 maiore
2048 3721 2089 3786 ce

704 3838 794 3904 Petri
809 3837 908 3902 Fabri
923 3837 1110 3904 coniectura
1124 3859 1184 3921 pro
1199 3841 1275 3904 ratio
1288 3842 1363 3903 ioris
1386 3851 1417 3903 rt
1435 3842 1481 3903 ius
1502 3837 1651 3902 ediderat
1670 3838 1746 3900 rodo
1765 3836 1839 3900 iuni
1858 3836 1931 3910 eius,
1956 3821 2089 3913 eiusque

704 3947 878 4026 rationem,
905 3967 1001 4029 quam
1027 3967 1087 4030 ego
1107 3949 1342 4031 repudiandam
1369 3967 1441 4014 esse
1463 3965 1591 4030 sempor
1611 3946 1736 4022 censui,
1760 3945 1911 4009 Baiterus
1933 3961 2036 4024 nuper
2057 3945 2090 4004 et

704 4057 868 4140 Kayserus
884 4056 988 4122 secuti
1003 4062 1088 4123 sunt.
1132 4057 1274 4137 Summa,
1297 4059 1426 4141 opinor,
1442 4049 1571 4122 iniuria.
1600 4055 1699 4120 'Nam
1720 4055 1803 4120 haec
1823 4055 1900 4131 tria,
1924 4071 2008 4136 quae
2028 4049 2090 4114 hoc

704 4169 776 4232 loco
788 4173 1089 4246 commemorentur,
1101 4169 1291 4234 rectissume
1302 4170 1388 4234 inter
1400 4187 1435 4233 se
1447 4167 1595 4251 componi
1606 4166 1729 4232 etmihi
1740 4165 1803 4250 ipsi
1814 4160 2089 4229 demonstrauisso
2197 4241 2199 4244 Ι

704 4277 842 4344 uidebar
865 4277 899 4342 in
925 4277 1034 4360 priore
1063 4278 1205 4345 editione
1225 4301 1298 4344 mea
1316 4279 1419 4363 praei.
1440 4301 1470 4362 p.
1487 4279 1542 4342 XI.
1564 4283 1597 4342 et
1617 4275 1753 4354 Orellio,
1778 4274 1834 4358 qui
1853 4274 1888 4338 in
1910 4270 2090 4356 posteriore

706 4387 847 4463 editione
868 4405 993 4452 suamc
1009 4395 1139 4454 secutus
1155 4389 1224 4455 ests
1259 4389 1303 4454 Et
1316 4390 1418 4454 ratio
1434 4387 1565 4472 quidem
1580 4387 1677 4452 iuris
1692 4386 1800 4470 potius
1815 4405 1875 4468 por
1889 4403 1926 4450 ao
1940 4379 2090 4466 ponenda

705 4503 785 4577 erat,
800 4517 865 4563 non
879 4496 1053 4564 referenda
1067 4498 1108 4564 ad
1125 4500 1289 4582 singulare
1303 4500 1365 4565 hoo
1379 4500 1443 4578 ius,
1459 4499 1500 4563 do
1516 4517 1581 4581 quo
1596 4515 1681 4561 nuno
1697 4496 1819 4578 agitur,
1841 4492 1923 4558 coni.
1938 4491 2024 4557 inira
2041 4495 2088 4568 19,

707 4611 757 4670 56.
803 4612 843 4674 At
857 4632 929 4674 uero
944 4613 1018 4674 rocio
1032 4613 1107 4674 iuris
1121 4611 1328 4696 interdictique
1343 4616 1390 4675 uia
1404 4623 1435 4674 et
1453 4623 1624 4696 praetorum
1634 4609 1777 4690 ¹uoluntas
1798 4619 1825 4670 ct
1842 4607 1995 4669 dominum
2016 4624 2088 4687 pru·

706 4719 834 4782 dentum
849 4720 1004 4784 considium
1019 4732 1045 4784 et
1058 4726 1218 4786 auotoritas
1228 4735 1350 4807 respuat
1365 4723 1440 4786 imno
1455 4723 1656 4807 defensionem
1667 4731 1694 4782 et
1707 4741 1763 4800 pro
1777 4718 1867 4782 arido
1875 4727 1964 4800 porta.
1981 4715 2022 4776 20
2040 4715 2089 4774 57.

708 4827 781 4892 Non
797 4831 874 4892 enim
888 4831 949 4892 olio
964 4853 1056 4894 ccmo
1071 4844 1112 4896 est
1125 4836 1282 4920 capitanus
1297 4836 1328 4896 in
1344 4856 1401 4898 uno
1414 4853 1501 4897 seruo
1516 4834 1586 4896 etin
1597 4829 1748 4915 pluribus,
1767 4851 1826 4892 oon
1841 4829 1900 4890 alio
1921 4826 2002 4886 ratio
2017 4825 2090 4885 imos

706 4941 737 5002 in
757 4938 810 5002 doc
822 4961 926 5023 periere
941 4941 1014 5003 dum
1030 4953 1120 5015 tarot,
1130 4957 1230 5008 noum
1244 4965 1291 5007 me
1302 4948 1363 5007 etc.
1386 4949 1435 5020 27,
1454 4948 1503 5006 78.
1520 4942 1654 5027 quiunt
1669 4940 1763 5002 ciuilis
1773 4940 1914 5001 macron
1929 4955 2091 5018 reumquam
