4880 6538
696 1142 788 1204 dms.
813 1137 910 1204 Nulla
924 1140 1005 1205 euim
1021 1139 1105 1206 ratio
1121 1146 1199 1218 eret,
1214 1155 1272 1206 cur
1286 1139 1319 1205 in
1334 1138 1439 1206 eluro
1454 1137 1596 1206 membro
1610 1143 1785 1224 poneretur
1798 1149 1906 1214 um,
1920 1134 1953 1200 in
1968 1131 2073 1201 altero

690 1276 753 1324 non
767 1257 855 1322 item
1381 1333 1382 1338 ἵ
1793 1301 1798 1316 .
1865 1303 1878 1328 .

776 1374 839 1440 Sed
861 1395 901 1440 ne
922 1375 1039 1441 diutins
1055 1375 1242 1442 haereamus
1262 1375 1296 1440 in
1311 1373 1544 1459 philologornm
1559 1373 1700 1440 minutiis
1720 1375 1819 1457 atque
1840 1371 1985 1457 ineptiis,
2007 1372 2072 1437 iam

690 1493 856 1560 ueniamus
870 1493 913 1560 sd
927 1493 1015 1560 illam
1029 1513 1107 1573 rem,
1130 1513 1212 1578 quae
1226 1491 1318 1560 nobis
1332 1492 1393 1558 hoe
1407 1491 1567 1558 scribendi
1582 1511 1696 1557 munus
1708 1491 1861 1576 inposuit·
1895 1491 1966 1592 Iam
1987 1490 2072 1558 enim
2116 1581 2120 1592 ⁵

595 1651 611 1675 a
691 1611 858 1677 reddenda
872 1611 957 1678 ratio
973 1618 1032 1692 est
1055 1633 1119 1696 quo
1135 1615 1254 1678 euentu
1270 1609 1502 1677 commilitones
1517 1609 1578 1676 hoo
1593 1629 1678 1677 auno
1693 1611 1734 1678 dc
1748 1610 1903 1696 praemiis
1916 1609 2073 1677 eruditio·

689 1731 740 1796 nis
755 1731 1028 1796 conuertauerint.

778 1910 821 1964 Ac
839 1907 967 1984 primum
989 1906 1111 1982 quidem
1129 1905 1348 1981 Theologomm
1368 1905 1492 1976 Ordini‚
1523 1905 1575 1982 qui
1596 1903 1762 1964 Anselmi
1783 1903 2074 1964 dantuariensis

693 1987 729 2048 de
753 1985 955 2070 satifactione
978 1981 1140 2049 doctrinam
1165 1983 1370 2070 exponendam
1395 1995 1422 2048 et
1444 1985 1666 2049 diiudimdum
1691 1993 1898 2066 proposuerat,
1926 2007 2005 2049 unns
2026 1995 2073 2048 est

690 2073 820 2134 unditus
839 2073 973 2146 libellus,
1006 2075 1058 2152 qui
1077 2093 1141 2134 eam
1163 2075 1316 2134 mandam
1339 2075 1522 2134 secundam
1542 2081 1720 2152 sueepant,
1739 2074 1782 2134 ita
1800 2074 1976 2151 inscriptus:
1996 2061 2077 2150 ‘Qut'

691 2176 750 2220 nen
764 2155 924 2229 crediderit,
945 2178 1002 2218 mu
1016 2158 1185 2240 asportetur
1199 2168 1225 2220 ct
1238 2157 1291 2240 qui
1305 2165 1444 2240 expertus
1456 2177 1515 2220 ooo
1523 2155 1627 2242 sumit,
1641 2177 1703 2220 oon
1716 2144 1870 2242 t'uteliipet.³
1900 2159 1982 2220 Haec
1997 2179 2073 2218 com·

694 2244 837 2303 mentatio
851 2245 1010 2304 adsiduum
1027 2243 1208 2304 nobilissimi
1223 2243 1308 2304 illius
1324 2243 1435 2320 dialogi
1449 2245 1592 2317 studium,
1608 2243 1789 2304 laudabilem
1804 2243 1981 2316 litterarum,
1997 2262 2072 2321 quae

696 2331 755 2387 heo
769 2329 891 2402 iaciunt,
908 2328 1111 2405 cognitionem
1131 2334 1275 2402 etenum,
1293 2347 1389 2388 acrem
1403 2329 1436 2389 in
1450 2329 1620 2390 iudicandis
1635 2329 1770 2388 Ansslmi
1785 2328 1944 2410 sententiis
1963 2328 2075 2388 mentis

692 2413 786 2474 eciem
801 2415 931 2476 auctoris
945 2415 1087 2493 ostendit.
1118 2415 1178 2474 Sed
1193 2413 1321 2492 scriptor
1335 2414 1434 2474 libelli
1448 2415 1481 2476 in
1495 2417 1586 2476 rebus
1600 2414 1787 2494 monendis
1801 2414 1913 2474 maiora
1929 2413 2072 2483 sollertia,

691 2499 724 2557 in
744 2499 914 2558 iudicandis
940 2499 1052 2558 maiore
1074 2500 1133 2558 fide
1157 2505 1246 2576 atque
1268 2500 1420 2576 aequitate
1441 2501 1488 2560 uti
1509 2502 1643 2560 debebat.
1686 2499 1785 2559 Etiam
1804 2518 1940 2558 sermons
1963 2499 2072 2558 Latino

693 2583 810 2660 saepius
825 2603 884 2642 uon
900 2585 973 2643 satis
988 2605 1062 2661 puro
1078 2603 1132 2643 nec
1153 2585 1224 2644 satis
1239 2581 1368 2662 simplici
1388 2603 1462 2644 nsua
1476 2591 1531 2646 eat
1562 2585 1748 2662 Quamquam
1763 2586 1836 2643 heeo
1850 2585 1884 2643 in
1898 2583 1952 2644 illo
1966 2583 2073 2642 libello

694 2667 803 2728 Ordini
818 2669 1035 2744 Theolcgomm
1051 2671 1298 2747 reprehendenda
1313 2687 1379 2729 ease
1394 2670 1461 2729 uisa
1475 2677 1553 2741 sunt,
1576 2672 1639 2730 illia
1656 2678 1757 2730 tamen
1770 2671 1874 2742 rebus,
1897 2687 1974 2748 quse
1988 2667 2021 2728 in
2035 2687 2073 2728 eo

690 2753 794 2812 libello
810 2754 976 2814 laudandae
992 2760 1023 2814 et
1036 2755 1251 2832 praedicandae
1266 2761 1363 2826 amnt,
1392 2755 1473 2816 Ordo
1489 2757 1693 2832 grauissumua
1707 2747 1857 2816 adductus
1871 2763 1930 2827 est,
1953 2759 1987 2814 ut
2001 2754 2072 2816 acri·

691 2843 808 2914 ptorem
823 2837 918 2896 libelli
934 2839 1065 2916 praemio
1081 2859 1141 2898 non
1152 2839 1310 2914 indiguum
1325 2857 1390 2897 esee
1402 2845 1544 2900 censeret
1567 2845 1678 2918 Aperta
1691 2839 1787 2915 igitur
1798 2839 1914 2898 acidula
1928 2839 2074 2898 inuentus

691 2925 738 2982 ost
752 2927 856 2982 auctor

980 3057 1180 3118 Haemona
1196 3057 1385 3118 AEMILIUS
1404 3054 1603 3120 adeundus
1618 3055 1785 3118 HOEHNE

1190 3159 1406 3219 Niederlaehrd
1421 3157 1575 3234 maninus,

1006 3255 1155 3323 emersa„
1172 3262 1290 3322 empus
1306 3257 1426 3323 wasa
1443 3255 1523 3310 sam
1540 3263 1598 3312 aa
1613 3258 1755 3312 manns

778 3379 887 3440 Ordini
904 3379 1192 3451 Iureconsuitorum,
1218 3379 1270 3456 qui
1293 3377 1329 3440 de
1342 3379 1485 3461 porticus
1503 3381 1667 3442 staturosis
1688 3381 1764 3443 tusis
1781 3375 1953 3442 Germanici
1971 3377 2073 3464 dispu-

691 3463 751 3526 tari
762 3465 899 3537 iusserat,
921 3483 999 3524 unus
1013 3465 1143 3526 traditus
1158 3464 1278 3524 libellus
1294 3469 1354 3538 est,
1376 3465 1420 3524 ita
1441 3465 1621 3546 insumptus:
1639 3455 1721 3528 ‘Or-u
1742 3475 1770 3528 et
1789 3453 1913 3538 testord,
1939 3467 1991 3544 qui
2007 3468 2073 3546 qni-

692 3551 760 3610 dam
776 3549 937 3628 scriptione
952 3549 1017 3627 ipsa
1032 3569 1126 3626 aequo
1142 3549 1237 3608 iudici
1253 3549 1326 3608 satis
1341 3551 1452 3623 iacere,
1475 3553 1529 3612 sed
1543 3558 1665 3630 propter
1684 3573 1784 3614 rerum
1803 3571 1837 3614 ao
1856 3552 2072 3614 sententiarum

693 3635 859 3695 exilitatem
873 3635 1004 3712 praemio
1020 3634 1130 3710 dignus
1146 3634 1320 3694 existumari
1334 3653 1396 3694 non
1410 3641 1520 3712 posset.

779 3822 861 3880 Ordo
882 3821 1067 3880 Medicorum
1092 3822 1157 3902 ipse
1180 3841 1299 3901 quoque
1323 3843 1416 3882 unum
1436 3824 1573 3885 libellum
1596 3825 1722 3902 aceepit,
1749 3825 1799 3886 oui
1820 3828 1877 3886 hoa
1895 3824 2073 3970 inscriffim

694 3909 772 3964 erat:
785 3891 873 3965 '‘Der
887 3901 1067 3987 danm'dlsripe
1083 3901 1175 3967 Struit
1191 3903 1262 3968 dher
1280 3903 1326 3968 die
1340 3903 1462 3990 Eposo
1481 3903 1536 3968 der
1550 3905 1804 3992 Lucpenaloeelsa
1819 3907 1917 3990 doiupt
1934 3907 1966 3970 in
2034 3907 2071 3969 'n-

694 4005 768 4050 ntra
809 4033 816 4060 ,
833 3987 903 4048 dass
916 3985 965 4048 dei
978 3987 1169 4070 Feststslluup
1184 3989 1401 4053 anatomiscter
1419 3987 1618 4053 Verisdltnisss
1627 3991 1871 4075 physiolopisctes
1884 3993 1955 4054 oder
1965 3991 2072 4098 psallo·

695 4071 785 4154 lepris
805 4091 834 4136 es
853 4071 1082 4138 Rcuooeeoseat
1101 4071 1231 4138 ds'relcteo
1246 4073 1491 4157 Boobooituopsn
1511 4097 1552 4140 au
1576 4073 1681 4140 Wartl
1699 4077 1766 4142 usit
1783 4075 1970 4142 wntokatelt.
2026 4081 2073 4142 De

693 4179 729 4219 ao
750 4159 853 4218 libello
871 4159 953 4218 Ordo
974 4160 1218 4236 gratiosissumus
1238 4162 1295 4220 hoe
1314 4161 1460 4222 iudicium
1480 4161 1566 4222 fecit:
1592 4149 1868 4226 ‘commentationis
1888 4183 1957 4244 pars
1976 4165 2072 4244 prima

691 4243 895 4324 physiologica
920 4243 1069 4304 industrie
1095 4245 1203 4322 scripta
1227 4247 1425 4324 praesentiam
1449 4247 1587 4326 epithelii
1612 4249 1803 4327 pulmonum,
1833 4249 1878 4310 uti
1905 4269 1984 4311 nunc
2010 4249 2072 4310 iere

692 4347 795 4390 omnes
812 4330 987 4402 anatomici,
1015 4330 1159 4390 adfirmat
1196 4331 1300 4390 Altera
1322 4325 1510 4409 pathclogioe
1529 4349 1616 4411 pera,
1644 4335 1711 4412 pari
1728 4334 1889 4395 sedulitate
1911 4335 2071 4408 elaborate,

692 4415 896 4494 quaestionem
911 4417 987 4476 hano
1000 4417 1159 4476 admodum
1174 4415 1336 4490 difficilem,
1350 4419 1430 4498 quod
1447 4417 1568 4496 quidam
1583 4419 1692 4480 attinet
1706 4421 1745 4478 ad
1759 4419 1967 4498 pneumooiam
1983 4439 2071 4482 exau

693 4501 834 4570 datiuum,
851 4501 924 4561 setis
939 4499 1045 4560 idonee
1061 4485 1173 4574 soluit,’
1193 4503 1223 4560 et
1238 4501 1412 4580 scriptorem
1426 4503 1523 4564 libelli
1537 4505 1669 4585 praemio
1685 4505 1809 4580 dignum
1824 4506 1948 4566 censuit.
1980 4505 2073 4580 Signo

694 4583 825 4644 scidulas
840 4591 954 4646 remote
970 4585 1111 4646 iuuentus
1128 4592 1174 4646 est
1187 4593 1291 4644 auctor

1211 4757 1404 4816 OTTOMAR
1418 4757 1555 4816 BAYER
1659 4825 1661 4830 ¹

1289 4839 1468 4918 Lipsiensis,

1201 4921 1349 4974 medusae
1367 4922 1563 4976 emaum
