4880 6538
360 1157 529 1226 6616666666,
544 1149 754 1233 suppositicia
770 1170 841 1216 esse
856 1150 1170 1235 significauit—qua
1185 1150 1225 1215 de
1243 1171 1279 1214 re
1295 1147 1444 1214 conferas
1456 1145 1625 1212 Baiterum
1640 1146 1746 1211 16Αά-

362 1263 477 1328 dendis
492 1285 522 1346 p.
537 1264 617 1326 1438
634 1295 682 1338 -,
699 1281 782 1342 qnae
797 1261 900 1324 uerba
914 1281 979 1325 non
995 1261 1099 1326 solum
1110 1262 1151 1326 ab
1165 1265 1370 1344 optumorum
1382 1258 1540 1322 librorum
1552 1256 1747 1322 auctoritate

362 1372 589 1450 defenduntur,
606 1391 721 1436 uerum
733 1370 832 1435 etiarn
847 1371 889 1434 ad
904 1371 1008 1453 ipsam
1023 1371 1118 1436 huius
1134 1370 1197 1436 loci
1212 1369 1415 1447 sententiam,
1432 1368 1459 1432 si
1474 1389 1538 1432 non
1554 1367 1748 1444 necessaria,

362 1487 500 1548 atcerte
516 1481 697 1567 aptissuma
712 1499 783 1546 esse
794 1479 958 1558 uidentur,
975 1501 1040 1564 qua
1051 1481 1091 1546 de
1103 1501 1139 1546 re
1151 1479 1291 1544 rectiore
1302 1479 1421 1544 iudicio
1431 1499 1510 1543 usus
1527 1481 1578 1542 est
1588 1477 1748 1542 Iordanus

363 1612 461 1674 quem
476 1591 635 1670 Kellerus‚
656 1573 853 1674 quamquam
873 1610 914 1654 ne
936 1611 1009 1655 cum
1024 1591 1164 1656 Iordane
1187 1589 1319 1673 quidem
1338 1589 1371 1654 iu
1391 1608 1429 1653 eo
1451 1588 1634 1666 consentio,
1659 1587 1746 1670 quod

363 1721 432 1766 rem
448 1701 491 1766 ad
505 1701 664 1783 liquidum
687 1700 821 1783 perduoi
840 1721 936 1783 posse
957 1701 1099 1784 negauit.
1128 1693 1212 1774 ‘Sia'
1229 1681 1347 1783 inquit}
1366 1691 1588 1764 ‘statuendum
1608 1698 1749 1762 arbitra·

362 1833 450 1890 mur,
474 1832 650 1893 numquam
676 1811 761 1876 hanc
784 1811 1007 1894 quaestionem
1032 1811 1080 1876 ita
1100 1811 1143 1876 ad
1172 1809 1332 1893 liquidum
1356 1808 1603 1891 confessumque
1630 1807 1747 1874 deduci

361 1941 466 2004 posse,
487 1920 626 1986 utnulla
646 1920 771 1986 alienae
793 1921 1071 2004 interpretationis
1091 1925 1204 1986 restet.
1217 1919 1393 1998 dubitatio,
1414 1920 1472 1985 sed
1495 1919 1575 1984 satis
1599 1938 1670 1985 esse
1694 1917 1749 1998 de·

363 2027 548 2096 monstrare
567 2029 650 2094 baec
668 2029 772 2094 uerba
786 2050 891 2113 neque
913 2036 982 2095 tam
1002 2031 1147 2094 incertae
1163 2030 1366 2094 auctoritatis
1389 2049 1449 2092 neo
1472 2033 1540 2093 tam
1559 2029 1671 2110 inepta
1691 2033 1749 2092 aut

363 2159 609 2223 superuacanea
636 2161 722 2218 esse,
750 2145 828 2206 616
850 2139 1006 2206 Cicerone
1028 2139 1208 2206 abiudicari
1236 2129 1396 2204 debeant?
1444 2137 1527 2202 Nam
1558 2138 1614 2220 qui
1646 2142 1751 2202 artem

364 2250 510 2316 criticam
532 2254 621 2314 recte
644 2249 787 2328 iactitat,
808 2250 836 2314 is
856 2248 952 2314 facile
971 2250 1140 2332 intelleget
1158 2249 1238 2314 nibil
1259 2269 1331 2314 esse
1357 2269 1489 2326 causae,
1506 2269 1605 2330 quam
1620 2247 1662 2312 ob
1679 2268 1749 2312 rem

364 2361 536 2444 qnisquam
552 2359 593 2424 de
608 2359 659 2423 bis
674 2359 783 2424 uerbis
800 2359 951 2424 dubitare
966 2380 1062 2443 posse
1077 2359 1238 2424 uideatur.
1269 2362 1317 2424 Ac
1331 2358 1470 2442 primum
1487 2358 1628 2442 quidem,
1652 2379 1752 2441 quum

364 2469 521 2536 librorum
542 2469 770 2535 auctoritatem
788 2469 1016 2553 ponderamus,
1033 2469 1176 2534 dubitari
1190 2489 1255 2534 non
1274 2473 1383 2552 potest
1403 2469 1481 2552 quin
1496 2468 1599 2534 uerba
1620 2489 1641 2534 a
1663 2468 1754 2534 Cice-

367 2601 447 2644 rone
462 2579 570 2664 potius
586 2599 684 2662 quam
707 2579 923 2663 aglossatore
938 2579 1087 2664 profecta
1101 2579 1176 2644 sint.
1212 2579 1302 2644 Haec
1323 2579 1409 2644 enim
1429 2579 1532 2644 uerba
1560 2600 1625 2643 nou
1646 2579 1751 2644 solum

365 2689 493 2754 codices
510 2689 760 2770 Tegernseensis
775 2695 875 2772 atque
890 2689 1090 2754 Erfurtensis
1105 2693 1251 2766 tuentur,
1274 2710 1389 2754 uerum
1405 2689 1447 2754 ad
1462 2689 1578 2754 horum
1592 2689 1751 2756 librorum

364 2798 399 2862 in
415 2797 588 2874 eiusmodi
602 2797 700 2864 rebus
716 2819 875 2864 summam
891 2800 1120 2866 auctoritatem
1139 2799 1298 2864 accedunt
1314 2799 1412 2864 etiam
1432 2800 1541 2882 plures
1562 2799 1637 2864 libri
1658 2799 1750 2866 dete-

367 2907 463 2974 rioris
478 2908 629 2985 familiae,
644 2909 738 2974 uerbi
754 2929 862 2988 causa,
879 2909 1006 2976 codices
1022 2909 1236 2986 limenensis,
1253 2908 1511 2996 Vindobonensis
1527 2910 1561 2984 1.,
1577 2911 1750 2976 Monacen-

367 3019 413 3084 sis
429 3018 480 3098 11.,
493 3019 660 3084 Parisinus
676 3020 725 3098 Κ.,
740 3025 778 3085 61
794 3041 833 3085 ea
846 3020 950 3086 uerba
965 3021 1062 3084 etiam
1079 3020 1111 3084 in
1124 3019 1286 3086 secundos
1298 3020 1439 3086 familiae
1456 3021 1567 3086 codice
1579 3022 1754 3105 archetypo

309 3191 312 3196 Α
348 3126 471 3194 'luisse
496 3135 530 3192 61
554 3135 682 3194 tantum
702 3130 798 3194 modo
823 3131 856 3194 in
877 3129 986 3212 aliquo
1016 3129 1126 3194 codice
1153 3129 1312 3194 excidisse
1340 3137 1474 3213 propter
1503 3125 1757 3214 innectiteorov

368 3237 557 3316 uideantur,
580 3259 621 3304 ex
641 3259 705 3322 quo
727 3239 776 3304 illi
799 3240 867 3304 eius
887 3238 1029 3304 familiae
1044 3239 1172 3304 codices
1189 3239 1342 3322 exscripti
1358 3261 1430 3304 esse
1445 3241 1606 3318 uidentur,
1625 3242 1681 3324 qui
1696 3241 1754 3306 illa

246 3411 251 3418 .
367 3347 471 3413 uerba
485 3368 549 3413 non
564 3348 696 3428 babent,
713 3370 816 3432 eoque
831 3349 937 3414 minus
953 3349 1053 3414 tribui
1069 3348 1143 3416 hnic
1158 3349 1223 3414 leui
1239 3349 1437 3416 deteriorum
1450 3351 1596 3414 codicum
1609 3351 1756 3416 testimo-

369 3458 423 3522 nio
439 3459 570 3540 poterit,
586 3460 674 3541 quod
684 3460 718 3524 in
729 3460 827 3524 simili
839 3461 929 3526 exitu
944 3460 1120 3526 uerborum
1136 3461 1334 3543 saepissume
1351 3461 1454 3526 uerba
1469 3481 1568 3544 quum
1582 3461 1616 3526 iu
1637 3462 1755 3526 ceteris

369 3574 518 3633 ueterum
536 3569 730 3651 scriptorum
744 3571 837 3635 libris
853 3576 923 3634 tum
938 3571 971 3635 in
986 3571 1048 3635 hec
1061 3571 1133 3652 ipsa
1147 3571 1294 3636 oratione
1311 3571 1431 3636 omissa
1446 3578 1530 3650 sunt,
1546 3571 1648 3636 ueluti
1659 3577 1688 3649 8,
1705 3573 1756 3636 23.

369 3669 548 3744 1166ίί161666
566 3703 597 3744 66
611 3681 700 3744 dem.-
724 3683 842 3764 oponeio
861 3683 948 3765 foetu
974 3694 1022 3744 est.
1058 3681 1129 3746 Hac
1152 3683 1188 3748 de
1208 3685 1363 3766 aperitione
1386 3684 1468 3746 nobie
1493 3684 1682 3746 indicantium
1711 3693 1750 3744 661

368 3808 433 3871 quo
449 3789 482 3852 in
497 3789 568 3854 loco
585 3789 671 3872 quod
694 3790 779 3854 oculi
799 3791 968 3873 scriptoris
985 3790 1104 3854 codicis
1127 3790 1294 3874 archetypi
1315 3812 1336 3855 a
1353 3791 1455 3855 uerbo
1474 3796 1595 3877 6666616
1616 3791 1658 3856 ad
1679 3812 1753 3856 uer-

367 3897 445 3964 bum
459 3903 617 3986 sponsione
632 3899 878 3978 616666666661,
895 3901 976 3966 haec
991 3900 1108 3966 uerba:
1123 3905 1242 3986 sponsio
1257 3904 1341 3981 faeta
1355 3913 1398 3967 661
1419 3903 1524 3967 166616
1544 3903 1578 3978 in
1601 3901 1752 3967 omnibus

365 4007 529 4076 Ciceronis
546 4009 638 4075 libris
654 4011 877 4090 6666666661,
897 4017 1053 4076 reuocata
1072 4011 1129 4076 illa
1152 4031 1192 4075 ex
1208 4011 1417 4089 Quinctiliani
1437 4017 1501 4078 inat.
1518 4037 1562 4077 or.
1577 4013 1632 4078 lib.
1649 4013 1702 4078 IV.
1727 4017 1755 4091 2,

371 4124 439 4186 132.
457 4141 504 4198 66,
522 4141 562 4186 66
578 4121 706 4204 longius
722 4121 846 4198 abeam,
864 4121 1062 4204 quodmodo
1078 4121 1111 4185 in
1127 4121 1275 4187 omuibus
1292 4122 1385 4188 libris
1400 4123 1525 4190 iactum
1541 4144 1612 4188 esse
1628 4122 1703 4200 dixi,
1720 4121 1754 4186 id

367 4231 401 4294 in
415 4231 479 4295 boc
494 4232 564 4314 ipso
581 4231 652 4296 loeo
668 4233 700 4295 in
716 4232 827 4296 codice
843 4231 1078 4314 Tegernseensi
1094 4229 1216 4296 lactum
1232 4237 1295 4312 est,
1314 4234 1405 4298 cuius
1422 4235 1561 4316 scriptor
1581 4235 1612 4297 in
1632 4233 1756 4298 uerbis:

369 4341 437 4406 Hoc
451 4344 527 4406 idem
541 4343 719 4406 RRntriino
730 4345 811 4417 unu,
828 4355 853 4406 61
867 4365 899 4408 eo
914 4343 1055 4408 lubentius
1069 4343 1154 4417 diarii,
1169 4355 1204 4408 at
1217 4349 1278 4408 etc.
1303 4345 1449 4428 apriore.
1458 4348 1533 4410 dean
1550 4344 1594 4408 ad
1611 4343 1758 4414 alterum.

367 4450 454 4534 quod
466 4452 628 4534 posterius
644 4458 702 4531 est,
719 4453 821 4518 oeulis
832 4439 1001 4518 aberrauit
1012 4457 1111 4536 atque
1123 4452 1235 4532 uerba,
1251 4475 1335 4537 quae
1348 4455 1381 4518 in
1391 4453 1497 4518 medio
1509 4459 1614 4531 erant,
1627 4465 1656 4519 at
1670 4477 1702 4518 eo
1711 4455 1758 4518 lu·

367 4563 478 4627 16666166
489 4565 562 4626 duit
572 4562 689 4628 omisit.
707 4563 770 4628 Sed
782 4563 823 4628 de
834 4583 871 4627 re
883 4562 982 4644 plana
993 4568 1092 4646 atque
1104 4570 1220 4648 666616
1230 4565 1377 4648 pluribus
1389 4563 1498 4630 uerbis
1512 4559 1755 4647 dicereop'erae

367 4673 508 4755 pretium
527 4693 593 4738 non
614 4677 673 4738 est.
714 4673 843 4738 Etenim
867 4674 923 4756 qui
944 4679 1033 4738 recte
1057 4675 1317 4742 testimoniorum
1343 4673 1440 4740 iidem
1461 4675 1755 4758 auctoritatemque

367 4782 548 4865 ponderare
565 4782 692 4862 didicit,
709 4805 773 4850 non
796 4784 960 4850 dubitabit
981 4786 1058 4870 quin
1078 4785 1181 4850 multo
1203 4786 1329 4850 maiore
1352 4785 1593 4868 probabilitate
1613 4785 1675 4848 hoc
1695 4789 1762 4848 sta·

365 4899 480 4958 tuetur
500 4893 558 4959 illa
571 4893 675 4960 uerba
695 4895 772 4960 611.
790 4895 894 4960 Tullio
917 4895 1065 4978 profecta
1084 4916 1182 4978 quam
1198 4917 1215 4960 e
1240 4895 1436 4978 glossemate
1461 4901 1535 4960 6616
1557 4917 1649 4972 essm
1665 4893 1761 4959 modo
