4880 6538
779 982 1205 1048 ...-.7„....--.

305 1186 435 1269 cooperiri
455 1181 588 1246 notatos.
612 1211 654 1224 -
678 1177 760 1256 Quid
784 1176 846 1241 ito?
867 1211 909 1224 -
929 1177 1061 1262 Propter
1081 1177 1326 1262 familiaritatem
1349 1191 1495 1252 aeteram,
1519 1181 1635 1262 quibus
1662 1183 1694 1246 in

306 1291 416 1358 uerbis
442 1289 556 1354 eodem
578 1287 689 1361 mode,
713 1306 778 1370 quo
798 1287 853 1350 hio
867 1286 992 1352 levior
1015 1287 1122 1350 actio
1138 1287 1282 1369 ponitur,
1306 1308 1323 1350 e
1347 1290 1509 1354 contrario
1533 1295 1695 1373 grauius

306 1400 498 1466 iudicium
510 1397 637 1462 dicitur.
667 1397 751 1462 Hinc
760 1402 898 1480 apparet
913 1395 1029 1460 uerba:
1046 1396 1177 1460 Potuisti
1190 1400 1266 1461 ereim
1283 1400 1392 1462 leuiore
1407 1405 1518 1464 actione
1534 1405 1697 1490 constipare,

260 1577 263 1582 ,
310 1531 369 1594 per
384 1531 419 1575 se
435 1515 523 1574 stare
539 1513 628 1572 recte
640 1527 746 1590 posse,
762 1513 801 1570 ut
813 1505 942 1570 levior
957 1505 1062 1570 actio
1078 1525 1118 1568 sa.
1133 1506 1176 1570 sit
1192 1525 1274 1587 quae
1290 1507 1395 1572 minus
1416 1512 1552 1591 periculi
1568 1515 1696 1580 adierat

308 1621 346 1699 ei,
364 1619 416 1683 cui
432 1617 631 1683 intendatur,
676 1617 714 1680 In
730 1615 879 1680 dissimili
894 1635 931 1679 re
946 1614 1058 1679 similis
1076 1615 1287 1698 oppositionis
1310 1619 1395 1682 ratio
1419 1619 1593 1686 intercedit
1612 1625 1697 1689 inter

306 1729 439 1794 nomina
454 1727 616 1792 adiectiue
629 1729 734 1812 prauis
750 1735 782 1790 et
798 1727 870 1790 teais
892 1725 926 1790 in
946 1724 1093 1789 oratione
1113 1749 1171 1811 pro
1193 1726 1229 1788 P.
1256 1724 1392 1804 Quinctio
1417 1735 1469 1812 13,
1490 1737 1540 1794 ot.
1589 1737 1697 1801 t'ereor

305 1840 467 1905 mehercule
482 1861 518 1903 ne
533 1849 584 1901 aut
596 1815 790 1922 pronioribus
805 1837 998 1911 carcereo,
1021 1847 1114 1920 paam
1127 1848 1235 1900 actura
1243 1838 1325 1922 fert,
1348 1850 1401 1902 cat
1417 1840 1589 1916 toricatos,
1605 1869 1697 1930 poam

306 1971 399 2014 cauea
420 1949 559 2034 portatu.
603 1946 642 2010 In
663 1945 760 2010 simili
784 1945 947 2010 sententia
965 1943 1163 2010 declaranda
1181 1953 1335 2011 uersatur
1354 1947 1435 2012 hae'o
1455 1971 1520 2015 uox
1546 1955 1644 2020 etiam
1663 1957 1697 2021 in

310 2059 458 2124 oratione
472 2081 532 2143 pro
548 2055 617 2120 Sec.
633 2056 743 2120 Raecio
767 2059 820 2132 33,
837 2058 887 2118 93.
905 2076 966 2129 eoo,
987 2058 1130 2139 qaoc'quc'
1149 2057 1388 2122 ermenoara
1404 2062 1695 2150 appellancperaa-

308 2157 390 2233 cores
409 2179 522 2232 uocant.
543 2170 577 2230 et
598 2163 631 2228 in
650 2165 773 2250 Dicpot.
804 2164 962 2231 Tuecutan.
982 2162 1007 2226 Ι.
1029 2169 1084 2240 40,
1109 2169 1158 2228 95.
1184 2166 1364 2250 quodecim
1386 2171 1566 2237 terriueltue'c
1589 2178 1699 2242 hadad

307 2299 413 2341 nomen
433 2273 598 2362 inponam?
621 2275 664 2339 ad
684 2295 781 2357 quem
802 2272 908 2338 locum
929 2273 1004 2338 uide
1026 2293 1109 2356 quae
1129 2274 1200 2356 ipse
1224 2283 1461 2344 commentatus
1481 2302 1552 2346 sum
1571 2305 1602 2366 p.
1628 2291 1696 2352 137.
1792 2285 1797 2300 '

309 2385 403 2464 Quod
418 2407 518 2469 quum
532 2385 582 2452 ite
595 2384 647 2464 sit,
663 2383 741 2448 mihi
756 2383 853 2466 plane
868 2382 1013 2447 dubitari
1027 2403 1124 2464 posse
1139 2403 1203 2448 non
1219 2384 1352 2450 uidetur
1367 2389 1444 2471 quin
1460 2392 1568 2458 leuiore
1584 2391 1697 2463 aetiam

310 2495 471 2580 conflipere
489 2501 579 2560 recte
598 2495 661 2558 hoo
682 2493 754 2558 loco
776 2493 839 2558 dici
859 2491 1012 2576 potuerit.
1058 2491 1122 2558 Sed
1148 2492 1222 2576 plus
1243 2495 1343 2560 etiem
1369 2501 1572 2568 contendam.
1619 2507 1697 2572 Mihi

310 2604 391 2668 illud
407 2605 495 2688 quod
511 2603 715 2670 Passeratius
734 2602 876 2686 primum
896 2607 1011 2666 contre
1030 2604 1173 2668 omnium
1192 2604 1349 2698 librorum
1370 2613 1599 2678 auctoritatem
1622 2639 1696 2699 pro-

311 2715 422 2796 posuit
437 2733 613 2797 omnesque
629 2712 698 2778 fere
713 2712 818 2776 critici
834 2717 1042 2794 acceperunt:
1060 2714 1186 2779 Pomati
1195 2718 1273 2782 enim
1288 2719 1395 2785 tetriore
1409 2725 1520 2788 aetiam
1534 2726 1698 2814 constipare,

309 2823 343 2888 in
359 2843 501 2906 persona
515 2823 631 2888 indicis
652 2821 933 2906 recuperatorisue
953 2841 994 2886 ne
1016 2823 1097 2888 satis
1118 2823 1249 2906 quidem
1274 2829 1441 2914 commode
1464 2831 1528 2897 dici
1551 2839 1696 2918 potuisse

309 2933 456 2998 uidetur:
474 2939 562 2998 certe
577 2953 643 2998 aon
657 2933 739 2998 satis
755 2936 850 2996 caute
866 2930 995 2997 feceret·
1004 2931 1102 2998 iudex
1118 2938 1175 2998 eut
1190 2943 1415 3019 recuperator,
1433 2943 1488 3024 qui
1503 2943 1696 3015 leniorem

315 3043 476 3108 actionem
491 3043 533 3108 ab
549 3043 653 3108 altero
667 3041 860 3125 requireret
903 3041 987 3106 Nem
1003 3042 1059 3126 qui
1074 3042 1108 3108 id
1122 3045 1305 3126 postularet
1326 3050 1368 3114 ab
1384 3051 1574 3121 aduersario
1590 3059 1698 3142 iudex3

314 3153 376 3216 hoo
391 3152 588 3234 postularet,
603 3135 796 3217 uc'otter'de
811 3152 881 3218 iure
897 3169 956 3216 suo
972 3151 1093 3234 aliquid
1108 3155 1303 3236 remitteret,
1329 3161 1416 3242 quod
1437 3165 1580 3246 prudens
1600 3171 1698 3238 iudex

314 3262 481 3344 postulare
496 3283 561 3327 non
577 3261 727 3327 debebat.
772 3259 866 3338 Quod
881 3266 991 3326 eutem
1006 3281 1090 3343 quae
1105 3262 1192 3328 infra
1206 3264 1232 3346 ᾗ.
1249 3271 1278 3330 3.
1293 3267 1446 3350 leguntur
1461 3277 1577 3342 uerba:
1606 3281 1698 3348 Noae

310 3395 383 3437 aero
398 3377 464 3456 ptem
483 3386 523 3438 eet
538 3377 592 3457 qui
613 3383 669 3437 aut
691 3375 753 3437 uim
767 3372 934 3436 homiuibus
952 3375 1079 3436 ampotis
1090 3374 1212 3458 saetam
1231 3378 1358 3463 recepti
1370 3394 1461 3466 patet
1486 3403 1621 3470 oportere
1642 3407 1696 3458 aar

311 3484 373 3546 eiua
397 3486 439 3548 rei
452 3483 597 3548 leniorem
611 3486 757 3548 actionem
767 3483 851 3548 nobie
862 3482 999 3567 aliquam
1010 3485 1338 3572 tanoaaorepoatet
1353 3509 1696 3580 commemoraverunt,

312 3589 407 3655 facile
423 3591 639 3660 demonstrari
653 3597 763 3674 potest
779 3611 817 3658 so
832 3591 904 3657 loco
915 3592 1106 3659 rectissume
1118 3594 1182 3678 legi
1194 3596 1237 3676 id,
1246 3598 1373 3680 quodin
1383 3601 1476 3668 libris
1485 3611 1536 3670 est
1544 3592 1696 3677 teaiorem.
1772 3621 1776 3626 “

311 3700 384 3764 Non
400 3701 484 3766 enim
500 3701 598 3766 iudex
613 3699 767 3786 loquitur,
784 3701 842 3767 sed
856 3701 919 3766 hoo
933 3701 977 3766 M.
995 3702 1119 3768 Tullius
1135 3704 1177 3768 ab
1192 3707 1298 3772 altera
1311 3716 1406 3792 parte
1419 3713 1560 3795 profert,
1584 3726 1621 3784 ut
1635 3722 1696 3787 hoc

313 3799 455 3888 doceret,
471 3811 507 3874 Α.
524 3809 696 3876 Caecinam
710 3815 837 3876 tantum
853 3809 968 3876 abesse
988 3816 1026 3876 ut
1044 3831 1169 3878 summo
1188 3815 1259 3880 iure
1279 3821 1499 3902 contendisse,
1518 3833 1555 3891 ut
1575 3828 1615 3894 ds
1637 3853 1695 3898 suo

311 3920 382 3984 iure
397 3919 522 4003 aliquid
533 3920 697 3986 remisisse
708 3921 869 3986 uideatur.
892 3921 1100 4000 Leniorem
1115 3925 1209 4004 enim,
1221 3925 1255 3990 id
1271 3933 1330 4008 est,
1345 3931 1574 4018 remissiorem,
1590 3941 1696 4007 mitio-

311 4049 395 4108 rem,
411 4031 518 4096 minue
535 4051 669 4116 paoem
684 4031 844 4096 actionem
859 4031 999 4098 inueniri
1018 4053 1083 4098 non
1103 4054 1213 4118 posse:
1237 4058 1302 4120 que
1317 4041 1448 4122 quidem
1463 4045 1497 4111 in
1513 4069 1612 4116 cause
1627 4057 1697 4120 bena

312 4141 388 4204 actio
404 4145 438 4204 et
452 4143 551 4208 eamr
565 4165 654 4227 apere
667 4141 1010 4220 rectissume‘dioitur‚
1028 4142 1109 4208 conf.
1133 4165 1179 4209 or.
1199 4171 1257 4231 pro
1272 4150 1317 4214 M.
1337 4150 1436 4218 Cautio
1460 4160 1487 4233 3,
1509 4165 1537 4222 7.
1577 4165 1694 4238 iteam,

312 4250 454 4325 Atratino
468 4275 560 4338 apem
573 4255 674 4326 unica
688 4252 771 4338 quod
778 4266 804 4318 et
816 4255 917 4339 pudor
927 4266 994 4318 acar
1007 4254 1181 4320 moderatur
1197 4263 1327 4340 orationi
1338 4287 1420 4330 meae
1433 4279 1459 4331 et
1472 4292 1570 4334 meam
1585 4297 1655 4358 erpa
1671 4289 1696 4341 te

307 4372 525 4446 peractumque
540 4377 622 4428 mum
636 4365 807 4450 beneficiam
821 4367 902 4429 tueri
916 4364 1016 4428 debeo.
1033 4368 1067 4427 et
1084 4369 1133 4442 14,
1145 4370 1196 4431 33.
1235 4371 1296 4437 Sed
1307 4386 1404 4440 tamea
1420 4381 1537 4464 etipsa
1552 4405 1695 4467 quaeram

307 4475 397 4555 prius
411 4484 511 4536 atrum
523 4497 570 4539 rae
590 4497 687 4540 cecam
699 4495 799 4540 aecae
814 4485 843 4539 et
855 4478 985 4560 praeder
1004 4488 1032 4542 et
1048 4481 1149 4563 prisce
1163 4503 1251 4566 apere
1270 4485 1354 4550 metit
1367 4473 1409 4549 on
1423 4492 1542 4554 rocca
1557 4505 1583 4556 et
1596 4495 1695 4561 tanim

313 4592 342 4644 et
357 4583 477 4648 arbeae.
495 4589 530 4647 st
539 4602 585 4648 cr.
604 4585 790 4670 Philippicae
806 4583 841 4648 V.
860 4588 909 4662 12,
926 4590 975 4650 34.
1020 4588 1058 4652 Si
1070 4601 1166 4656 ouum
1180 4594 1271 4658 terum
1285 4599 1388 4679 apetie
1404 4609 1501 4663 tomas
1516 4604 1629 4676 coeam,
1644 4609 1697 4671 ced

308 4692 440 4783 sortasse
457 4696 551 4758 sedas
569 4695 752 4772 decernetis,
774 4714 839 4778 quo
859 4695 991 4778 quidem
1011 4697 1044 4762 in
1064 4698 1137 4765 loco
1153 4699 1266 4769 Cicero
1285 4704 1371 4788 ipse,
1387 4711 1425 4771 ut
1440 4711 1585 4776 seuerius
1600 4714 1634 4778 in
1649 4715 1692 4780 Μ.

313 4801 487 4866 Antonium
502 4802 729 4884 decernerent,
744 4811 855 4888 patres
876 4805 1076 4891 conscriptos
1091 4810 1241 4878 hortatus
1258 4820 1337 4880 erat
1382 4817 1465 4882 Hine
1484 4818 1579 4886 facile
1600 4823 1694 4889 intel·
1718 4821 1722 4826 ’

312 4909 442 4994 legitur,
455 4919 493 4979 ut
507 4915 674 4998 superiore
689 4914 761 4981 loco
777 4917 804 4999 ᾖ.
819 4921 849 4982 3.
865 4921 953 4981 recte
969 4915 1095 4985 dicatm
1110 4921 1215 4988 leuior
1230 4925 1330 5004 actio,
1353 4928 1399 4992 sio
1414 4927 1518 4995 altero
1533 4933 1604 4997 loeo
1621 4934 1646 5016 ξ.
1664 4939 1693 4999 9.
