4880 6538
813 925 1249 994 „..-.7..--.-

339 1129 446 1189 aman
460 1123 832 1208 pracroramoonmmn
846 1122 1097 1208 omfmeibid.
1112 1127 1140 1202 ς.
1158 1127 1229 1187 aaa.
1266 1121 1355 1186 Haeo
1370 1123 1469 1206 igitur
1484 1143 1556 1187 cum
1572 1100 1727 1202 condant,

337 1263 399 1306 non
416 1239 612 1306 minus'mihi
627 1239 749 1306 Baiteri
763 1242 848 1306 ratio
863 1240 1063 1324 repudianda
1077 1241 1213 1318 uidetur,
1222 1241 1284 1323 qui,
1302 1247 1339 1304 ut
1354 1240 1429 1316 dixi,
1442 1240 1481 1305 de
1496 1240 1642 1305 Lambini
1658 1261 1729 1306 eon·

336 1359 463 1424 iectura
482 1357 597 1424 edidit:
621 1383 820 1446 qaoemmque
835 1371 889 1424 tuo
904 1363 969 1424 iure
982 1363 1128 1444 mancipii
1140 1373 1215 1434 aaut
1239 1379 1336 1441 quam
1350 1358 1441 1436 illud,
1467 1359 1552 1441 quod
1568 1359 1731 1444 Kayserns

336 1493 440 1560 nuper
456 1477 496 1542 de
511 1477 697 1542 coniectura
713 1499 771 1542 sua
786 1477 943 1560 reposuit:
959 1499 1034 1562 quoe
1043 1481 1228 1563 patrimonio
1242 1491 1292 1541 raa
1305 1481 1370 1542 iure
1383 1481 1525 1561 omaapii
1538 1491 1614 1542 aum.
1635 1476 1729 1542 ·Nam

336 1593 416 1658 haec
438 1595 545 1658 omnia
565 1601 598 1660 et
617 1617 638 1660 a
657 1595 838 1660 litterarum
860 1595 1019 1677 uestigiis,
1040 1596 1174 1679 quaein
1196 1595 1286 1660 libris
1307 1600 1397 1672 sunt,
1420 1593 1546 1678 longius
1575 1577 1730 1658 recedun‘t

335 1730 439 1793 neque
455 1712 823 1778 sententiaeullomodo
839 1713 1065 1790 satisfaciunt,
1083 1735 1180 1796 quum
1199 1712 1288 1786 illud,
1311 1713 1397 1794 qnod
1421 1732 1480 1795 ego
1499 1712 1566 1776 dixi
1583 1711 1660 1776 mihi
1679 1732 1731 1776 re·

336 1827 516 1909 ponendum
532 1829 645 1910 uideri,
662 1837 695 1894 et
710 1851 758 1908 ea,
774 1832 905 1914 quaein
920 1831 1012 1897 libris
1028 1831 1186 1896 habentur
1202 1831 1381 1896 litterarum
1405 1830 1556 1912 uestigia,
1580 1829 1674 1894 facile
1696 1827 1736 1894 in'

336 1965 452 2028 eorpus
476 1967 569 2014 suum
589 1948 725 2030 recipiat
746 1955 779 2014 et
801 1951 978 2014 sententiae
1001 1947 1096 2012 huius
1118 1949 1181 2012 loci
1203 1949 1296 2031 plane
1327 1949 1407 2012 satis
1433 1947 1540 2012 faciat.
1585 1948 1730 2013 Alterum

335 2071 518 2144 peccatum,
540 2067 574 2130 in
597 2085 660 2148 quo
676 2071 811 2149 uterque
833 2066 963 2132 criticus
978 2065 1121 2132 eamdem
1140 2067 1297 2130 rationem
1320 2085 1422 2148 nuper
1437 2071 1564 2130 secutus
1582 2072 1641 2146 est,
1656 2087 1730 2131 con·

335 2179 456 2244 timetur
471 2182 578 2248 uerbis
594 2183 654 2258 his,
671 2201 754 2264 quae
769 2184 832 2246 iam
848 2189 1037 2266 sequuntur:
1064 2189 1091 2248 ei
1109 2208 1223 2270 parum
1236 2187 1451 2248 communitum
1471 2189 1519 2248 ius
1541 2197 1582 2248 ost
1596 2187 1679 2250 ciuile
1694 2163 1730 2248 ac

329 2299 451 2381 publiea
465 2301 525 2385 lupe
540 2313 642 2366 contra
656 2303 781 2366 aarum
796 2306 927 2386 proruam
946 2307 1037 2368 reneri
1054 2325 1115 2366 noa
1133 2315 1240 2388 potest,
1260 2302 1376 2384 quibus
1400 2303 1434 2365 in
1448 2301 1558 2366 uerbis
1574 2302 1728 2366 constitu·

334 2413 424 2478 endis
447 2417 550 2480 critici
572 2416 620 2480 illi
644 2417 700 2480 Th.
723 2417 922 2482 Mommseuii
947 2419 1161 2482 coniecturam
1185 2439 1257 2484 sese
1279 2427 1408 2485 secutos
1431 2441 1502 2484 esse
1525 2421 1727 2502 profitentur,

333 2551 430 2614 quam
446 2552 508 2614 ego
522 2532 595 2596 huic
609 2533 680 2598 loco
696 2535 835 2598 minume
850 2537 1020 2598 conuenire
1035 2555 1159 2599 censeo.
1202 2535 1286 2600 Nam
1301 2543 1334 2600 et
1348 2537 1390 2602 ab
1404 2557 1443 2601 ea
1459 2537 1626 2618 scriptura,
1646 2557 1728 2618 quae

334 2655 385 2712 est
398 2649 432 2712 in
451 2648 551 2728 libris,
568 2651 700 2714 nimium
718 2652 840 2716 recedit
854 2671 913 2716 nec
927 2652 1025 2716 habet
1037 2651 1201 2717 meliorem
1218 2653 1419 2733 sententiam,
1436 2674 1532 2736 quam
1542 2653 1630 2730 illud,
1642 2653 1728 2735 quod

338 2763 469 2844 Orellio,
485 2766 721 2850 Wesenbergio,
737 2769 899 2852 Maduigic
916 2771 1098 2836 auctoribus
1113 2770 1207 2855 vulgo
1219 2770 1406 2854 legebatur:
1427 2777 1455 2836 ai
1462 2796 1577 2858 porum
1592 2785 1634 2836 oct
1647 2795 1728 2836 oom-

328 2890 479 2983 ‚maadum
492 2889 549 2960 ius,
563 2890 591 2952 ai
604 2889 685 2952 ciuili
698 2912 733 2952 ae
744 2890 864 2972 publico
878 2890 937 2974 Iope
952 2901 1059 2954 contro
1067 2891 1191 2954 alieuius
1202 2895 1333 2975 qratiam
1345 2894 1434 2955 teneri
1446 2912 1508 2954 raom
1517 2904 1621 2976 porcat.
1644 2890 1671 2954 N
1675 2911 1727 2955 am

333 3009 470 3086 apparet
491 3005 616 3069 ciuilem
638 3027 677 3070 ae
698 3005 857 3089 publicam
881 3027 950 3070 eam
973 3006 1076 3090 legem
1099 3008 1287 3072 rectissume
1312 3008 1388 3086 dici,
1412 3029 1494 3090 quae
1516 3008 1625 3072 ualeat
1643 3009 1728 3072 inter

334 3123 420 3186 ciues
436 3129 470 3186 et
485 3123 614 3206 publica
629 3127 822 3199 auctoritate
837 3125 1033 3189 communita
1048 3125 1092 3188 sit
1113 3145 1152 3190 ac
1166 3125 1313 3207 probata,
1328 3127 1447 3208 etquis
1463 3127 1630 3210 negauerit
1643 3125 1728 3191 hanc

335 3243 535 3318 sententiam,
551 3262 633 3324 quae
648 3241 697 3306 his
712 3242 820 3306 uerbis
835 3239 979 3306 subiecta
994 3247 1052 3318 est,
1068 3242 1209 3306 adhunc
1224 3243 1329 3306 locum
1345 3263 1415 3308 esse
1431 3245 1663 3326 aptissumam?

419 3359 564 3441 Denique
587 3361 614 3442 ᾖ.
632 3365 683 3425 75.
707 3360 857 3424 Baiterus
879 3381 981 3442 nuper
1000 3361 1142 3443 scripsit:
1166 3383 1228 3426 aon
1246 3363 1358 3438 solum,
1384 3363 1466 3448 quod
1485 3363 1556 3426 haec
1569 3365 1635 3428 iur'e
1649 3365 1729 3427 amis

332 3490 433 3562 caepta
454 3491 534 3552 runt,
548 3503 653 3545 aarum
667 3484 755 3545 mam
769 3480 851 3566 quod
863 3483 1078 3564 patrimonium
1092 3483 1181 3543 uniar
1190 3469 1379 3544 incommodo
1391 3481 1558 3554 dimittitur,
1570 3483 1616 3542 ius
1630 3484 1727 3544 amitti

333 3603 578 3682 compotistam
594 3623 702 3684 omqao
721 3601 906 3662 immaniodo
933 3600 1068 3669 cimmeria,
1084 3602 1119 3660 ut
1134 3599 1289 3664 dimdu'eur
1310 3597 1467 3662 scriberet
1486 3617 1545 3679 pro
1562 3617 1615 3673 eo,
1638 3595 1724 3678 qnod

334 3713 408 3778 libri
423 3735 519 3778 manu
538 3716 649 3798 scripti
664 3715 812 3780 meliores
827 3734 936 3778 omnes
952 3714 1081 3792 habent,
1096 3716 1262 3780 dimittemur.
1302 3715 1475 3780 Adsentior
1490 3735 1548 3798 ego
1564 3713 1719 3798 Kaysero,

334 3833 386 3912 qui
408 3833 494 3913 quod
517 3853 576 3915 ego
592 3853 718 3916 quoque
735 3832 809 3897 olim
825 3831 948 3896 obtinui
963 3834 1122 3898 dimittetur
1136 3833 1287 3897 seruauit.
1331 3832 1413 3898 Nam
1434 3836 1472 3896 ut
1492 3851 1556 3896 non
1574 3852 1656 3915 nego
1671 3853 1725 3914 po-

334 3950 434 4014 tuisse
449 3951 517 4014 sine
534 3951 733 4016 accuratiore
750 3951 901 4033 temporie
913 3949 1144 4034 significatione
1157 3949 1218 4015 dici
1232 3953 1392 4029 dimittitur,
1408 3957 1446 4014 ut
1453 3950 1606 4015 uniuersa
1623 3950 1725 4032 magis

333 4065 414 4130 haec
437 4071 597 4136 sententia
618 4075 806 4152 poneretur,
826 4070 873 4134 ita
893 4069 1051 4134 contendo
1074 4075 1201 4152 tempus
1224 4069 1367 4136 futurum
1388 4069 1462 4134 huie
1484 4067 1554 4134 loco
1578 4053 1726 4132 maxume

334 4188 520 4267 conuenire,
536 4209 598 4271 quo
614 4195 758 4270 tempore
773 4189 834 4252 hoc
848 4187 1047 4266 declaratur,
1068 4187 1095 4250 si
1110 4187 1171 4262 hoe
1185 4188 1413 4270 ponderemus,
1438 4187 1514 4270 quid
1529 4187 1667 4267 denique
1683 4204 1723 4248 ex

335 4323 374 4368 ea
389 4325 424 4368 re
440 4307 569 4370 euenire
584 4306 741 4382 uideatur,
756 4307 982 4390 patrimonium
994 4306 1086 4370 unius
1096 4306 1295 4370 incommodo
1306 4306 1470 4368 dimissum
1485 4304 1534 4378 iri,
1549 4304 1600 4368 ius
1616 4309 1724 4368 autem

334 4409 439 4486 amitti
456 4444 519 4487 non
535 4445 629 4505 posse
644 4426 712 4490 sine
727 4446 842 4508 magno
857 4423 1055 4488 incommodo
1072 4424 1225 4508 ciuitatis,
1242 4423 1449 4488 conferantur
1465 4441 1547 4504 quae
1571 4421 1610 4484 de
1626 4420 1724 4485 simili

334 4543 572 4606 constructione
587 4543 629 4606 ad
646 4542 808 4610 Ciceronis
823 4543 875 4608 lib.
890 4546 927 4608 do
941 4556 1060 4608 oratore
1077 4541 1101 4604 Ι.
1125 4547 1172 4621 12,
1192 4548 1239 4606 15.
1256 4541 1412 4624 scripsiin
1427 4539 1636 4618 Quorumdam
1654 4540 1724 4603 Tul·

334 4658 482 4722 mmmm
497 4658 548 4723 lib.
568 4659 593 4722 1.
609 4681 640 4742 p.
659 4670 678 4725 4
694 4681 762 4744 sqq.
941 4639 943 4642 ’

418 4775 489 4840 lam
503 4778 596 4840 uenio
611 4777 653 4841 ad
668 4777 772 4842 locum
788 4777 999 4860 difficiliorem
1015 4777 1185 4860 explicatu,
1202 4795 1295 4858 quem
1308 4795 1418 4840 omnes
1434 4775 1501 4839 iere
1518 4775 1621 4840 critici
1638 4795 1721 4840 nunc

333 4895 458 4974 iniuria,
465 4904 502 4961 ut
515 4897 637 4978 opinor,
643 4905 829 4978 corruptum
841 4917 912 4961 esse
922 4901 1129 4980 putauerunt.
1146 4895 1277 4977 Legitur
1288 4893 1720 4984 islecusc.XXV11.§.'(7sq.
